2068 3216
799 156 844 203 143

317 228 351 261 na
366 227 574 262 Mauouammaus
591 213 634 262 Vl.
653 229 666 260 z

137 356 242 418 «Quam
258 355 337 404 facitis
352 372 438 422 pacem
452 355 527 405 fuerit
543 356 563 404 si
579 372 659 422 poena
675 355 774 404 remissa
791 355 826 404 ?»

184 428 310 477 Priuernas
326 427 425 493 reliquis
441 427 541 477 liberior
556 428 647 487 retulit,
786 463 788 466 .
864 449 887 472 10

137 500 186 549 «Si
202 499 273 548 datur
288 516 302 547 a
317 499 390 547 vobis
406 500 539 558 toleranda,
555 511 652 548 aeterna
668 498 784 558 manebit,

186 571 227 620 Sin
243 571 324 619 minus
340 569 430 619 infirmi
445 569 508 619 facta
524 571 616 619 tenoris
633 571 679 620 erit
687 588 716 619 »ι

137 643 175 692 Sic
190 643 279 691 audere
294 642 364 708 loqui
380 642 571 691 miraturCuria
586 654 693 709 captum,

183 714 316 779 Indulgent
331 714 387 773 iltis,
404 714 441 762 ius
458 714 529 763 datur
543 713 610 763 urbis
628 714 670 763 eis.

137 786 273 851 Exprobrat
289 786 315 833 in
331 785 415 834 rostris
432 786 519 834 consul
535 785 637 835 rixando
653 785 789 852 Philippus,
864 807 883 839 15

184 856 334 923 Conscriptis
350 856 460 923 patribus
477 857 606 923 segnitiam
621 858 789 923 inproperans‚

136 948 151 976 «
159 930 211 978 lam
224 928 296 977 nobis
309 936 422 994 opus'est
431 947 454 987 u,
468 929 556 996 inquit,
571 946 586 976 s<
595 929 697 977 meliore
710 939 818 977 senatu»
830 946 836 987 ;

185 1001 250 1049 Hinc
264 1000 363 1049 Crassus
378 1000 488 1065 queritur
501 1017 559 1049 cum
571 1000 671 1068 reliquis
686 999 802 1059 residens,

136 1073 245 1138 Eloquio
261 1071 339 1120 clarus
355 1071 403 1125 fuit
418 1072 466 1131 hic,
482 1071 530 1120 fuit
546 1083 570 1121 et
585 1088 727 1138 generosus,

184 1145 231 1192 Pro
249 1144 328 1193 Crassi
343 1143 425 1192 verbis
441 1143 549 1192 consulis
565 1144 600 1192 ira
615 1143 705 1203 fremit,

137 1216 187 1278 Qui
204 1216 318 1264 Crassum
334 1215 404 1266 iussit
419 1216 546 1263 communi
561 1231 655 1263 carcere
671 1214 760 1274 claudi,

185 1287 231 1336 Cui
248 1288 347 1336 Crassus
364 1281 459 1347 blandis
476 1286 561 1335 obviat
577 1287 711 1346 antithetis,

136 1359 274 1408 «Consulis
291 1376 321 1407 en
337 1358 391 1406 talis
407 1359 481 1406 talem
496 1358 566 1407 decet
581 1376 633 1407 esse
650 1370 768 1418 senatum,

186 1430 267 1492 Quem
283 1442 310 1478 tu
327 1429 347 1478 si
364 1430 457 1496 spernis
473 1442 501 1478 tu
517 1446 617 1497 quoque
633 1441 728 1497 spretus
745 1429 800 1489 eris,

136 1504 204 1567 Ergo
220 1501 296 1550 fatere
309 1500 418 1568 probum
431 1500 524 1568 probus
540 1514 567 1550 ut
582 1502 614 1550 sis
629 1518 681 1550 esse
696 1513 808 1550 senatum
815 1518 848 1560 ›>;
863 1523 883 1555 ις

184 1573 294 1622 Placatur
305 1573 385 1622 verbis
398 1573 506 1621 consulis
517 1573 555 1622 his
567 1574 670 1622 animus,

137 1646 263 1693 Extinctae
279 1660 357 1711 nuper
373 1644 515 1693 Grachanae
531 1644 658 1693 seditionis

184 1719 334 1765 Instaurator
348 1727 419 1764 atrox
435 1715 516 1765 Carbo
531 1716 644 1765 tribunus
661 1727 719 1775 erat,
782 1750 784 1755 -

66 1796 68 1798 ’
135 1788 208 1853 Aque
224 1788 381 1836 Numantinis
399 1787 459 1836 dum
474 1804 532 1836 cum
548 1788 678 1855 splendore
693 1787 770 1836 ruinis

186 1859 267 1925 Scipio
283 1859 426 1925 regreditur,
443 1859 533 1907 obvius
549 1860 594 1908 iste
610 1860 667 1918 ruit,
863 1876 885 1913 ao

137 1931 210 1980 Urbis
227 1941 250 1979 et
267 1930 297 1979 ab
312 1942 384 1996 porta
400 1930 498 1996 rapidus
514 1931 588 1979 trahit
603 1931 634 1979 ad
650 1930 701 1979 fera
717 1942 803 1989 rostra,

184 2003 224 2051 De
240 2018 298 2050 nece
314 2002 375 2066 quid
392 2002 483 2050 Grachi
499 2014 594 2051 censeat
610 2002 673 2061 edat,
689 2002 740 2060 ait3

135 2073 253 2140 Principis
270 2074 295 2121 in
311 2073 392 2121 verbis
409 2072 527 2122 offensam
543 2074 637 2141 quaerit
652 2073 759 2140 iniquus,

184 2144 256 2194 Unde
271 2144 435 2211 procellosam
451 2145 550 2193 suscitet
565 2145 691 2205 inuidiam,

135 2218 244 2265 Duxerat
260 2232 363 2264 uxorem
379 2217 470 2265 Grachi
485 2216 579 2282 probus
595 2217 636 2265 ille
653 2232 771 2276 sororem,
864 2239 884 2271 35

184 2305 199 2335 «
207 2288 262 2336 Iure
275 2287 374 2336 videtur
382 2306 405 2347 u,
422 2288 463 2347 ait,
481 2299 531 2336 «ut
547 2288 609 2336 mihi
624 2287 736 2354 disperiit
745 2305 777 2346 >›;

136 2361 188 2407 Hac
204 2375 263 2407 mox
278 2360 411 2407 commotis
426 2359 503 2426 ipsius
519 2376 582 2407 voce
598 2359 722 2418 tribunis,-

184 2448 198 2477 «
208 2430 251 2479 Hii
259 2441 353 2479 taceant
362 2448 384 2490 u,
393 2431 482 2498 inquit,
491 2448 506 2477 «
515 2431 594 2479 Roma
602 2447 708 2479 nouerca
716 2430 806 2496 quibus
816 2447 830 2476 »
843 2448 849 2488 ;

136 2502 265 2567 Perstrepit
280 2501 369 2550 auditis
385 2502 492 2568 populus
509 2502 547 2550 his
563 2502 667 2551 vocibus
683 2502 774 2561 omnis,

184 2572 245 2622 Mox
261 2573 333 2622 heros
349 2574 438 2621 iterum
455 2574 489 2622 sic
504 2573 538 2621 ait
554 2573 584 2622 ad
599 2574 730 2640 populum,
862 2596 886 2627 40

112 2750 130 2782 15
143 2739 246 2783 exprobrat:
259 2750 267 2772 r
278 2745 357 2783 suprascr.
382 2732 385 2734 ’
407 2749 425 2782 31
438 2739 460 2773 ab
471 2745 551 2783 suprascr.
