2068 3216
202 104 250 164 164

371 192 405 225 ox
420 191 628 226 urauoxnarxraus
644 178 687 225 VI.
707 194 734 225 12

246 320 339 385 Fulgor
354 320 385 368 ad
400 319 519 369 invidiam
534 320 659 370 Policratis
677 321 758 380 Samii,

199 392 306 440 Conatus
323 392 391 440 cuius
408 392 541 457 tranquillo
556 392 616 441 calle
632 391 752 452 subibant,

247 462 409 512 Proveniebat
425 478 461 512 res
478 480 587 529 quaeque
603 463 684 530 cupita
700 465 759 524 cito,

199 535 264 583 Vota
281 535 425 602 sequebatur
440 535 515 583 velox
530 534 626 584 effectio
641 548 735 595 cuncta,

247 606 317 655 Velle
333 606 379 655 sibi
396 624 518 674 exaequo
534 622 655 673 posseque
671 618 721 656 erat
736 607 863 674 positum;

199 678 333 727 Fortunam
348 690 457 744 temptat,
474 678 495 727 si
511 693 605 745 semper
620 693 737 746 prospera
752 690 840 738 currat,
907 689 922 724 f.
933 700 955 733 70

248 750 417 817 Expertusque
432 750 497 799 leves
513 749 578 798 illius
595 761 631 799 est
647 750 766 810 salebras;

199 820 304 879 Anulus,
321 822 386 869 hunc
401 822 485 870 mersit
499 822 597 888 pelago,
613 820 691 870 fuerat
707 822 754 871 sibi
770 833 860 888 gratus,

249 893 305 940 Hoc
321 909 404 960 expers
421 892 521 960 dampni
537 910 567 941 ne
582 892 647 941 foret
663 894 743 942 omnis
759 895 827 959 agit:

200 963 337 1012 Confestim
351 965 424 1031 piscis
440 965 534 1030 capitur
550 965 592 1031 qui
608 964 691 1031 glutiit
706 966 794 1031 ipsum,

249 1036 328 1084 Caesis
345 1035 478 1085 visceribus
494 1036 580 1084 anulus
597 1036 744 1096 extrahitur;

200 1106 258 1155 Post
274 1107 332 1156 haec
347 1107 481 1174 praefectus
498 1108 567 1156 Darii
584 1107 684 1156 confixit
701 1109 807 1157 Orontes

249 1180 322 1227 Hunc
336 1178 408 1245 ligno
423 1180 514 1228 montis
530 1179 620 1228 vertice
637 1179 751 1239 Micalei;
917 1237 918 1240 Ἰ

200 1249 275 1298 Attus
292 1251 352 1299 laeta
370 1252 461 1310 Samos
478 1266 593 1317 oppressa
609 1251 737 1310 tirannide,
753 1262 836 1316 putres

248 1322 316 1371 Illius
333 1334 357 1371 et
373 1322 431 1371 tabo
447 1322 555 1371 membra
570 1322 639 1371 videt
655 1322 737 1382 fluida,

202 1392 298 1443 Anulus
315 1405 339 1443 et
355 1394 421 1443 levae
437 1395 477 1442 cui
493 1393 602 1443 redditur
617 1411 631 1441 a
647 1395 773 1459 Neptuno,

250 1466 316 1514 Nam
331 1466 417 1533 sepelit
432 1482 514 1525 nemo,
530 1465 606 1514 frusta
621 1464 705 1514 videre
721 1466 796 1514 iuvat.

204 1535 296 1586 Siciliae
312 1537 379 1586 dirus
395 1537 522 1586 Dionisius
538 1537 579 1586 ille
594 1537 710 1596 tirannus,

251 1609 297 1658 Cui
313 1625 395 1657 rerum
409 1608 468 1657 felix
483 1609 553 1675 copia
569 1620 634 1656 tanta
649 1608 704 1667 fuit,

202 1680 261 1728 Dux
277 1681 432 1739 exercituum,
449 1680 532 1745 magni
547 1680 659 1747 princeps
676 1680 804 1745 equitatus,
850 1724 852 1726 ,

251 1753 283 1800 Et
298 1764 378 1801 rector
394 1752 475 1800 classis
492 1752 586 1818 saepius
602 1752 749 1811 innumerae,

203 1822 325 1871 Trinacria
341 1824 425 1890 pulsus
441 1838 530 1890 pueros
547 1823 664 1873 elementa
681 1823 800 1882 Corinthi,

251 1895 379 1943 Amrietate
395 1911 502 1960 gemens,
519 1895 574 1943 exul
589 1893 669 1953 inobs,
686 1893 788 1953 docuit;

203 1966 290 2014 Pernix
304 1966 416 2015 fortunae
433 1966 489 2033 quia
506 1967 537 2014 sit
553 1966 659 2014 mutacio
676 1965 784 2026 blandae,

252 2037 374 2086 Monstrat
390 2038 433 2103 qui
448 2038 501 2086 ludi
517 2037 547 2086 de
563 2037 624 2086 duce
640 2036 728 2085 doctor
744 2048 801 2085 erat.

204 2109 286 2175 Scipio
302 2125 377 2177 quem
391 2125 475 2175 regem
490 2108 607 2158 Romanis
623 2123 682 2174 pace
699 2108 825 2174 Siphacem

252 2180 389 2229 Hasdrubal
405 2192 429 2229 et
445 2181 531 2229 Poenis
548 2180 626 2228 iunxit
642 2179 757 2238 amicicia,

204 2252 287 2300 Clarus
304 2267 451 2317 magnorum
465 2251 536 2300 favor
552 2251 631 2300 atollit
646 2251 810 2317 populorum:

251 2324 371 2372 Intumuit
386 2334 518 2390 postquam
532 2334 651 2389 provocat
666 2322 769 2381 Italiam,

203 2395 284 2443 Lelius
300 2394 366 2443 hunc
381 2395 493 2443 uinctum
507 2395 600 2460 legatus
616 2394 733 2460 pertrahit
748 2394 779 2443 ad
795 2406 826 2452 te,

253 2467 343 2533 Scipio,
360 2483 411 2531 quo
427 2483 529 2531 magnus
546 2478 655 2532 tempore
672 2466 758 2513 consul
774 2481 833 2524 eras,
910 2523 913 2527 Δ

205 2538 256 2601 Qui
272 2538 380 2586 dextram
396 2538 459 2586 solio
476 2537 582 2586 residens
598 2549 736 2603 porrexerat
751 2537 810 2596 alto,

253 2611 346 2658 Pronus
364 2608 450 2657 blanda
466 2609 513 2657 tuis
531 2608 596 2657 basia
612 2608 652 2656 dat
669 2608 779 2673 genibus.

167 2715 188 2746 24
198 2704 268 2738 frustra.
