2068 3216
240 147 256 191 4
277 130 290 179 6

260 147 270 193 3
432 217 566 251 limacum
583 217 601 251 s.
619 218 758 253 aruumcrr

241 346 364 395 Condolet
380 345 476 412 expelli,
493 361 549 396 nam
565 357 661 411 sumpta
676 364 739 395 voce
754 347 846 397 coracis
952 357 964 396 f.
978 370 1023 403 ηπ

289 418 402 467 Deterret
418 417 438 465 si
454 433 516 483 quos
533 418 641 466 inveniat
656 418 774 478 timid0s;

240 489 392 555 Aggreditur
407 487 506 538 fratrem
522 489 565 555 qui
580 489 718 539 coniurarat
735 491 859 558 Odonem

288 560 383 610 Audito
399 561 474 626 patris
490 561 591 611 nomine
606 561 733 610 conticuit.

241 634 331 699 Captus
347 631 378 681 ab
394 633 464 681 hoste
481 649 526 681 suo
542 632 659 698 religatur
674 633 774 682 carceris
790 645 870 694 antro,

288 704 389 754 Artatur
403 704 499 763 vinclis,
515 704 684 770 compedibus,
700 705 818 765 manicis;

241 777 399 842 Nequiquam
413 777 505 825 multos
521 776 636 842 implorat
651 793 713 825 voce
729 788 855 843 patronos,

289 847 370 913 Eripit
385 848 450 896 hunc
466 858 557 907 noster,
574 863 648 913 quem
663 860 736 897 vocat
751 847 800 908 ille,
816 861 892 914 pater.

241 920 322 968 Poscit
337 918 367 967 ab
377 919 470 968 ¹ancilla
485 919 572 968 mulier
587 920 708 969 velamina
722 920 809 987 prima,

289 993 324 1041 Ut
338 1002 453 1058 properet
469 1007 583 1056 magnam
598 991 692 1040 culcior
707 991 841 1051 aeclesiam,

242 1063 311 1126 Quae
327 1079 378 1111 non
394 1063 541 1129 repperiens,
557 1061 690 1112 formidine
705 1079 787 1129 pressa
803 1062 831 1112 fit
846 1080 937 1123 amens,

290 1136 357 1183 Haec
372 1134 459 1201 recipit
475 1150 573 1187 sensum
589 1134 631 1184 sed
646 1135 722 1200 patris
738 1133 769 1183 ad
784 1135 915 1184 tumulum.

197 1247 198 1250 ,
241 1205 342 1255 Aeditui
357 1204 447 1265 faciles,
465 1217 549 1254 contra
563 1205 599 1254 fas
616 1217 689 1254 nocte
704 1207 826 1271 loquaces,

289 1276 431 1344 infringunt
446 1293 546 1326 normae
562 1277 614 1326 iura
630 1289 718 1326 statuta
735 1293 822 1337 sacrae,

241 1349 335 1398 Verber
350 1348 464 1398 divinum
477 1348 704 1416 primumcastigat
719 1364 815 1409 eorum,

290 1420 378 1469 Erudit
392 1422 419 1469 in
434 1421 521 1470 sanctis
537 1420 633 1474 caucius
650 1437 702 1470 esse
716 1421 742 1469 lo

243 1492 330 1559 Surgat
345 1504 373 1541 ut
389 1510 402 1541 e
418 1492 497 1541 stratis
513 1503 598 1543 monet
613 1509 692 1541 unum
707 1493 773 1541 visio
788 1493 877 1552 noctis,

291 1564 387 1630 Spernit
402 1564 463 1624 visa,
478 1564 540 1613 latus
557 1564 619 1630 girat
634 1564 715 1613 inhers
731 1564 806 1624 aliud,

241 1635 285 1684 Illa
301 1650 373 1701 super
388 1635 488 1701 pigrum
502 1635 559 1684 lect-i
574 1635 662 1684 deiecit
678 1635 813 1701 operclum,

291 1707 353 1756 Mox
367 1707 464 1773 laquear
479 1707 575 1766 cecidit,
591 1707 627 1755 nil
643 1706 686 1755 sed
702 1708 725 1756 ei
740 1708 835 1756 nocuit.

243 1922 313 1984 Quae
329 1937 407 1988 nuper
421 1937 495 1988 prosa
510 1921 678 1987 nunc-digero
695 1922 801 1971 carmine
817 1934 893 1987 gesta,

291 1994 410 2049 Claruerit
424 2005 508 2042 noster
524 2010 586 2059 quae
601 1992 714 2042 faciendo
729 2004 806 2061 pater.
857 2044 859 2048 f
927 2050 929 2054 ¹

241 2064 363 2114 Fratribus
380 2065 473 2124 invitis,
489 2065 593 2131 inopum
608 2064 698 2131 gravis,
713 2064 783 2124 ,Odo,
800 2064 898 2129 rapinis,

290 2136 360 2185 Atria
375 2152 440 2185 sacra
456 2135 531 2195 subis,
547 2136 649 2202 prandia
664 2136 731 2202 larga
746 2135 815 2195 facis,

243 2208 393 2273 Securusque
408 2207 446 2256 tui
461 2208 574 2273 precioso
591 2207 705 2261 stramine
721 2207 831 2258 dormis:
869 2271 872 2275 Δ

201 2330 202 2333 ,
290 2278 382 2328 Morbo
398 2279 536 2345 corriperis,
554 2295 604 2345 quo
620 2291 753 2328 maceratus
771 2278 833 2327 obis.

241 2350 365 2400 Aeclesiae
380 2350 458 2416 portis
475 2366 554 2399 arcere
569 2367 639 2399 canes
657 2352 714 2416 quia
730 2351 833 2416 spernis,

291 2421 413 2471 Maximus
430 2438 472 2470 ore
488 2438 576 2484 canum
591 2422 662 2470 linxit
677 2422 746 2471 hians
764 2422 856 2482 oleum,

204 2599 237 2631 774
246 2595 321 2621 arctatur
337 2586 378 2622 Ball.
403 2586 430 2621 Cl.
514 2598 545 2630 775
557 2599 600 2622 voce
609 2590 626 2622 in
635 2599 667 2621 ras.
748 2591 780 2629 778
796 2586 861 2621 cultior
876 2585 917 2621 Ball.
927 2587 954 2621 Cl.

169 2634 259 2670 ecclesiam
269 2635 310 2669 Boll.
321 2635 406 2669 Eclesiam
417 2633 444 2669 Cl.
487 2646 519 2678 779
530 2636 616 2679 reperiens
627 2634 668 2669 Ball.
679 2634 706 2670 Cl.
749 2638 782 2678 784
793 2635 859 2669 cautius
873 2634 914 2669 Boll.
928 2635 964 2676 Cl„

170 2682 202 2726 786
216 2690 266 2728 gyrat
279 2683 320 2717 Boll.
375 2683 444 2717 inhers:
459 2683 471 2716 h
484 2690 564 2726 suprascr.
579 2683 624 2717 iners
638 2682 685 2717 Ball,
693 2682 719 2718 Cl.
788 2693 820 2727 792
830 2682 912 2726 (sub).(is)
921 2694 954 2717 ras.

170 2730 355 2774 796(hians).(olcum)
372 2742 404 2765 ras.
940 2763 948 2767 ,.
