2068 3216
807 117 815 146 1
823 117 835 146 2
842 117 852 161 3

334 186 368 218 Du
383 185 592 218 uuuonnnumus
609 171 640 218 V.
660 187 670 232 3

139 313 168 360 In
183 312 290 379 propriis
306 311 396 360 laribus
413 312 496 378 gladio
513 312 577 360 clam
591 324 691 379 pectora
707 313 788 362 fossus

188 382 295 442 Occidit,
311 383 437 433 inmeritus
453 384 534 433 taliter
549 384 669 433 occidere.

140 455 276 505 Obstiterat
292 454 383 503 Gracbi
398 455 495 504 tumido
512 457 602 506 Nasica
617 455 705 516 furori,

188 526 315 594 Comperit
330 526 451 592 ingratam
466 527 510 595 qui
526 527 573 576 sibi
589 539 644 577 tum
658 528 780 595 patriam余

138 599 224 664 Legati
241 598 317 665 spetie
332 598 396 647 tristi
412 598 505 647 discors
521 600 541 648 it
557 599 587 648 ab
603 599 672 658 urbe,

188 669 281 719 Urbem
296 671 442 736 Pergamum
457 670 515 731 adit,
532 670 594 719 hanc
610 670 720 720 habitans
737 670 808 719 obiit.

139 741 250 790 Grachus
266 741 421 791 Aventinum
437 742 530 791 scandit
546 760 604 791 cum
618 742 725 792 fortibus
741 743 794 802 alis,

186 812 303 862 Lentulus
320 813 419 881 expellit
434 814 529 863 viribus
545 814 603 863 hinc
618 815 724 874 validis余

138 884 232 933 Perfida
246 884 315 952 plebs
332 885 397 934 odiis
414 885 480 934 hunc
495 886 627 935 insectatur
642 886 743 946 acerbis,

186 957 292 1022 Legatus
308 955 361 1005 fieri
377 974 428 1025 quo
443 958 506 1025 petit
521 975 535 1006 a
550 957 669 1023 patribus,

139 1027 233 1076 Urbem
247 1040 307 1078 vota
322 1028 380 1077 facit
397 1043 422 1077 se
437 1029 504 1078 nolle
520 1030 626 1079 revisere
642 1041 747 1089 sontem,

186 1100 259 1149 Votis
276 1111 300 1149 et
317 1117 426 1149 summos
443 1113 497 1149 orat
512 1101 596 1150 adesse
613 1101 681 1160 deos

138 1171 272 1220 Romuleae
287 1170 365 1239 plebis
381 1187 494 1238 praesens
511 1185 547 1221 est
563 1174 652 1221 concio
668 1173 743 1232 votis,

185 1242 263 1292 Intrat
280 1244 394 1303 Siciliam,
410 1261 456 1292 nec
471 1244 535 1293 redit
549 1244 581 1293 ad
596 1245 708 1312 patriam.

138 1314 237 1363 Occidit
253 1313 359 1364 Melium
373 1314 522 1364 fortissimus
539 1316 601 1365 Hala
616 1327 770 1381 protervum,

186 1385 291 1435 Affectat
306 1402 412 1452 regnum
427 1387 546 1436 maximus
563 1386 604 1436 hic
620 1388 740 1454 equitum,

137 1456 182 1506 Nil
192 1457 257 1506 valet
273 1457 303 1506 ad
319 1458 436 1507 meritum
451 1458 520 1525 quod
535 1459 592 1508 talia
607 1460 712 1524 perculit
728 1476 823 1519 ausum,

185 1530 322 1597 Perpetitur
338 1530 429 1579 durum
444 1530 531 1597 flebilis
548 1531 655 1580 exilium.

137 1600 262 1666 Popilium
278 1602 364 1650 Cicero
380 1601 522 1651 defenderat
537 1618 581 1651 ore
596 1602 697 1661 diserto,

186 1674 218 1721 Et
235 1672 331 1722 salvum
346 1674 460 1741 propriae
476 1673 614 1723 reddiderat
629 1676 729 1741 patriae,

136 1744 220 1792 Incola
236 1744 337 1794 Picenae
352 1746 461 1810 regionis
477 1746 517 1795 vir
531 1745 580 1794 fuit
594 1746 648 1805 iste,

186 1816 240 1866 Nec
256 1832 282 1865 re
297 1833 343 1865 nec
358 1816 436 1866 verbo
452 1817 539 1866 leserat
554 1816 620 1866 hunc
637 1818 742 1877 Cicero余

137 1885 240 1948 Antoni,
256 1888 377 1937 illustrem
391 1888 524 1955 proscribis
542 1889 602 1937 dum
618 1890 771 1949 Ciceronem,

186 1959 276 2008 Caesor
291 1959 447 2027 magniloqui
461 1960 570 2028 postulat
587 1978 638 2009 esse
654 1961 710 2020 viri,

138 2029 245 2079 Caietam
260 2031 343 2097 peciit,
358 2031 474 2097 iugulum
488 2031 603 2098 praebere
619 2033 724 2099 coaegit,

186 2103 218 2150 Et
234 2114 306 2169 caput
322 2102 429 2151 Ausonii
445 2103 540 2152 desecat
556 2103 681 2171 aeloquii余

136 2172 206 2221 Dum
221 2174 292 2233 redit,-
308 2185 336 2222 ut
353 2174 438 2241 spoliis
455 2175 532 2224 alacer
548 2175 638 2223 ditatus
654 2175 754 2243 opimis,

186 2245 263 2308 Quod
280 2263 305 2294 se
321 2246 425 2296 salvavit
440 2257 497 2295 trux
512 2258 585 2314 caput
600 2246 657 2295 inde
674 2247 748 2306 tulit3

137 2316 201 2376 Heu,
218 2317 373 2384 quianullus
390 2317 465 2377 adest,
483 2318 578 2377 Cicero,
594 2318 678 2385 lepore
694 2330 801 2368 venusto

185 2387 296 2455 Explicet
312 2388 371 2437 haec
387 2389 469 2455 dignis
487 2390 530 2457 qui
546 2401 587 2437 tua
602 2389 666 2438 facta
682 2390 781 2439 modis!

137 2459 195 2508 Post
210 2471 249 2509 tot
264 2460 313 2508 fata
329 2459 428 2520 ducum,
445 2472 484 2509 tot
500 2461 568 2509 milia
585 2478 652 2510 caesa
667 2462 788 2521 virorum,
859 2487 860 2491 ,

184 2531 273 2580 Ductis
289 2532 391 2597 captivis
408 2532 507 2581 milibus
523 2533 666 2592 innumeris,

102 2709 119 2740 35
133 2697 183 2732 hala:
196 2697 207 2731 h
218 2705 297 2742 suprascr.
346 2702 365 2741 45
380 2698 491 2740 (Cale).(ram)
504 2709 536 2732 ras.
