2068 3216
207 146 256 196 266

479 235 596 269 tuntum
620 222 644 270 ΙΙ

254 364 305 428 Ipsi
321 363 438 422 notificat,
455 375 573 412 monstrat
589 379 648 431 opes
665 364 750 413 varias.

207 435 308 483 Vestem
322 447 469 500 permutant,
486 435 532 484 soli
549 452 573 484 se
589 451 694 501 namque
711 435 825 495 sciebant,

254 507 385 555 Instruitut
399 507 457 555 clati
472 507 560 574 copula
575 506 682 556 conubii.
916 515 929 553 f.
943 527 988 552 nov

206 577 317 626 Amelius
333 578 392 627 iuris
408 594 515 627 remeans
532 577 563 627 ad
578 593 634 627 rura
648 579 750 646 paterni,

256 648 368 715 Coniuge
384 666 442 698 cum
456 665 509 699 cara
525 649 636 699 laetificat
651 650 761 716 patriam.

207 720 319 769 Pluribus
336 722 423 770 exactis
438 733 496 789 post
512 722 570 770 haec
585 720 688 770 feliciter
704 722 780 782 annis,

255 794 347 860 Leptae
361 792 390 842 fis
406 792 469 842 fedis
486 809 550 859 eger,
566 793 661 853 Amice,
677 794 760 852 notis;

207 864 320 931 Peppulit
335 864 427 913 idcirco
442 876 485 913 tua
500 877 524 914 te
540 865 665 914 sevissima
680 866 771 914 coniux

255 937 416 1001 Purgamenta
431 936 500 985 velut
515 937 690 1002 quisquiliasve
705 937 802 986 domus

207 1007 273 1055 Hinc
288 1024 339 1056 uno
355 1007 449 1057 famulo
465 1008 582 1074 muloque
598 1008 707 1057 trahente
721 1006 846 1057 vehiclum

256 1079 399 1138 Contentus,
417 1079 480 1129 Clari
496 1080 603 1128 culmina
618 1079 712 1128 Montis
728 1080 788 1139 adis,

207 1150 290 1199 Pulsas
306 1151 398 1200 Amelii
413 1151 538 1200 mendicus
555 1151 585 1200 ad
601 1151 681 1200 hostia
696 1152 761 1210 cari;

257 1222 378 1283 Occurrit,
394 1223 498 1272 lacrimis
514 1223 599 1288 irrigat
614 1239 657 1271 ora
673 1223 730 1282 suis,

208 1294 277 1341 Basia
291 1294 362 1361 plura
377 1294 423 1343 tibi
439 1295 488 1354 dat,
503 1295 605 1343 vulnera
620 1293 693 1344 foeda
709 1311 753 1343 nec
769 1294 859 1354 horret,

256 1365 403 1433 inducitque
419 1365 530 1425 domum,
545 1377 671 1431 praeparat
686 1366 738 1434 ipse
753 1365 831 1425 cibos,

208 1436 389 1504 Relliquiasque
404 1438 441 1486 tui
456 1455 508 1486 non
523 1448 664 1504 aspernatur
679 1437 754 1487 edulii

257 1509 326 1558 Uxor
342 1521 366 1557 et
381 1511 433 1576 ipsa
448 1510 497 1558 tuis
514 1509 626 1559 subditur
641 1510 757 1575 imperiis,

210 1580 381 1646 Sollicitusque
396 1581 444 1630 tuis
459 1582 538 1648 possit
553 1580 664 1630 conferre
680 1581 782 1629 salutem

259 1653 317 1716 Quo
333 1664 405 1719 pacto
422 1652 538 1712 menbris,
554 1652 648 1718 quaerit
663 1652 689 1701 id
704 1670 718 1700 a
734 1651 851 1711 medicis3

209 1724 335 1791 Competit
351 1736 379 1772 ut
394 1724 463 1773 nullo
479 1724 639 1773 medicamine
653 1724 680 1772 ni
694 1724 783 1791 puerili

259 1795 381 1861 Sanguine
396 1795 474 1844 curari
490 1796 591 1845 vulnera
606 1811 679 1862 posse
694 1808 743 1845 tua.

210 1867 326 1917 Ostendit
342 1879 434 1934 quanto
450 1879 474 1916 te
489 1868 665 1933 complectatur
680 1882 770 1925 amore,

258 1940 328 1988 Dum
342 1954 389 2005 pro
405 1950 429 1988 te
445 1950 515 1988 natos
531 1938 626 1988 abdicat
642 1939 694 2005 ipse
710 1938 781 1997 duos,

210 2010 282 2060 Unde
298 2010 441 2077 genitricem
455 2011 542 2076 procul
558 2009 646 2059 emittit
662 2009 797 2059 Beliardem

125 2106 127 2110 ’
188 2130 190 2133 ,
258 2082 306 2142 Ne,
323 2082 343 2130 si
359 2095 466 2131 cerneret
482 2082 547 2141 haec,
565 2081 679 2130 exanimis
695 2093 791 2140 rueret;

211 2153 297 2203 Ulcera
313 2164 428 2202 natorum
442 2165 484 2202 tua
500 2154 617 2218 sanguine
633 2153 685 2202 dira
701 2168 803 2202 suorum
859 2186 861 2190 »
934 2174 935 2177 “

259 2225 353 2274 Proluit
369 2236 393 2274 et
407 2236 490 2274 totum
505 2224 611 2274 reddidit
625 2225 782 2273 incolomem.

211 2296 275 2345 Mira
291 2296 392 2362 quidem
407 2295 487 2345 refero
504 2296 546 2345 sed
562 2313 623 2362 quae
638 2311 753 2362 persaepe
768 2296 885 2345 recordor

259 2367 368 2417 Auribus
383 2385 398 2416 a
413 2368 497 2416 multis
513 2368 650 2417 insonuisse
665 2367 741 2416 meis:

212 2439 245 2488 Ut
261 2451 337 2488 mater
353 2439 433 2499 rediit,
448 2450 557 2506 penetrat
574 2450 663 2488 secreta
678 2438 773 2497 cubilis,

175 2608 206 2649 287
217 2607 325 2649 permutatR
336 2613 436 2649 permutant
447 2606 484 2648 02,
495 2607 528 2641 Ha.
583 2618 614 2650 292
625 2606 669 2641 fedis
680 2623 697 2635 =
706 2605 768 2641 foedis.
822 2616 855 2650 294
864 2603 921 2650 esqui-

136 2652 170 2688 tias
184 2654 200 2687 R
210 2653 310 2698 quisquilias
326 2655 364 2688 cani,
379 2654 413 2688 Hn.
500 2666 531 2698 297
542 2654 621 2688 modicus
633 2655 670 2696 Ca,
682 2655 716 2689 Hn.
732 2654 822 2689 mendicus
836 2654 874 2687 coni.
887 2652 921 2686 Hn.
958 2667 959 2671 =

137 2712 173 2745 299
182 2701 227 2735 basis
236 2701 270 2736 Hn.
343 2712 372 2745 301
385 2712 434 2736 non:
451 2702 466 2736 si
477 2713 521 2746 quae
532 2702 570 2743 Ca,
581 2702 615 2736 isn.
626 2713 663 2736 non
674 2704 712 2736 coni.
724 2703 757 2736 Hn.
832 2712 922 2745 5072οω-
994 2704 996 2713 ’

139 2748 224 2793 plectitur
234 2749 272 2791 Ca,
282 2749 316 2783 Ha.
327 2749 454 2792 complectatur
459 2752 497 2784 coni.
504 2750 537 2784 Hn.
599 2753 628 2793 308
637 2761 678 2784 suos
685 2750 722 2790 Cn„
729 2750 762 2784 Ha.
