2068 3216
788 140 836 185 107

306 215 340 247 DE
356 213 564 247 neurounmmaus
581 197 617 245 tv
643 214 656 258 7

123 342 211 390 Donec
224 335 357 407 ¹pertransit
373 357 440 389 carus
456 340 593 407 pugnando
609 340 706 400 resistit,

173 412 282 461 Tandem
298 412 423 461 confectus
440 413 583 461 vulneribus
599 413 688 479 periit;

124 483 244 533 Obiectus
260 485 338 533 turbis
355 485 481 533 Laetorius
499 484 634 550 exagitatis,

174 556 274 605 Sublicii
290 556 373 622 pontis
390 556 487 605 dimicat
503 557 529 604 in
545 555 636 615 medio,
707 569 708 572 ’

124 630 250 677 Permanet
266 628 306 676 hic
322 627 384 676 fixus
401 627 480 677 donec
494 628 625 694 pertransit
641 628 740 686 amicus,

174 701 251 766 Seque
266 700 345 766 premi
361 711 416 746 toto
433 701 510 747 cernit
526 712 553 747 ut
569 716 582 747 a
598 699 702 766 populo,

124 774 152 820 ln
169 789 211 819 sua
227 771 347 819 nudatum
363 771 483 836 demergit
499 772 591 819 viscera
607 770 706 829 ferrum,

173 845 205 891 Et
221 843 251 891 de
267 856 343 909 ponte
360 859 448 890 cavum
464 860 489 891 se
505 843 560 891 iacit
576 843 602 889 in
620 842 730 890 fluvium.

124 914 230 963 Carceris
246 915 272 962 in
288 927 348 963 tetra
364 914 471 962 vincitur
488 915 578 981 Caepio
595 915 662 973 cella,

174 986 248 1034 Cuius
266 986 358 1035 desidia
374 999 513 1034 corruerant
529 988 596 1044 aries

124 1059 171 1107 Pro
188 1058 276 1106 dolor!
294 1058 335 1106 has
353 1057 439 1122 gladiis
457 1058 550 1106 Cimbri
566 1057 650 1106 fudere
667 1057 780 1115 cruentis

174 1129 220 1178 Sed
237 1129 282 1177 sibi
299 1129 435 1178 coniunctis
453 1130 605 1178 Teutonibus
623 1129 703 1187 sociis,

124 1203 200 1249 Porro
215 1203 323 1267 Reginus
338 1217 402 1259 eum,
416 1201 493 1267 plebis
507 1201 555 1249 fuit
567 1201 609 1249 ille
622 1200 742 1258 tribunus,

173 1273 265 1321 Eximit
282 1272 409 1321 horrendis
427 1274 527 1321 carceris
544 1290 557 1321 a
574 1272 687 1331 tenebris,

123 1343 241 1409 Illiusque
256 1344 342 1410 fugam
357 1357 468 1409 promtus
487 1346 616 1393 comitatus
633 1343 752 1402 acerbam,

173 1416 280 1464 Sustinet
295 1416 426 1480 indignum
442 1433 486 1483 nec
500 1417 569 1482 piget
584 1416 691 1464 exilium.

124 1488 206 1546 Punis,
223 1488 326 1547 Antoni,
343 1487 474 1536 Lucullum
490 1500 513 1536 te
530 1489 586 1555 quia
603 1488 702 1553 sprevit,

172 1559 298 1607 Audacem
314 1561 418 1607 Brutum
434 1560 502 1626 quod
517 1560 562 1608 tibi
577 1558 717 1623 praetulerit
725 1576 732 1616 ;

124 1630 211 1695 irrigat
226 1631 291 1679 illius
307 1631 412 1679 lacrimis
429 1631 489 1679 dum
505 1631 604 1680 menbra
620 1630 759 1688 Volunnus,

172 1702 267 1750 Profert
283 1703 413 1768 singultus,
430 1703 575 1768 multiplicat
591 1702 704 1767 gemitus,

124 1772 165 1821 Ad
180 1785 204 1821 te
219 1785 354 1840 pertractus
371 1785 441 1839 rogat
457 1786 485 1822 ut
501 1791 557 1822 caro
574 1774 684 1832 sotietur,

172 1846 206 1893 Ut
221 1845 322 1894 feriatur
338 1862 368 1894 eo
385 1862 435 1912 quo
451 1846 524 1911 periit
541 1845 640 1912 gladio;

124 1916 226 1965 Mandas
243 1917 352 1966 defuncti
369 1918 431 1965 circa
447 1933 536 1984 corpus
552 1917 665 1982 iugulari,

172 1987 213 2036 Ad
230 1989 298 2055 quod
315 1988 433 2038 deductus
450 1989 534 2037 oscula
550 1989 591 2037 dat
607 1988 727 2046 manibus,

125 2060 156 2107 Et
172 2072 244 2125 caput
260 2060 393 2126 amplexus
410 2061 523 2109 traiectus
540 2059 640 2126 cuspide
655 2071 748 2126 pectus,

172 2131 245 2179 Astra
261 2132 347 2181 cadens
363 2132 454 2199 linquit
469 2144 493 2181 et
511 2133 584 2198 Stigis
600 2132 648 2179 ima
664 2131 733 2197 petit.

125 2202 159 2250 Te
176 2202 222 2251 sibi
237 2203 388 2268 praefectum
403 2203 449 2251 tibi
465 2216 532 2269 grata
548 2203 669 2253 Placentia
685 2214 782 2268 gratum

173 2275 292 2340 Expeciit,
310 2275 384 2333 Caeli,
401 2275 518 2323 clauserat
533 2275 612 2324 hostis
629 2292 689 2333 eam,

125 2345 254 2394 Crudelem
270 2348 359 2395 metuis
376 2346 436 2394 dum
453 2348 563 2406 Cinnam,
579 2347 629 2394 iam
644 2346 725 2412 gravis
742 2344 819 2402 annis,
851 2355 871 2398 65

173 2418 318 2467 Constanter
333 2433 468 2484 properum
484 2419 571 2484 deligis
588 2419 705 2476 exitium;

124 2489 213 2538 Lucius
229 2490 343 2556 aeligitur
359 2491 495 2549 Petronius,
511 2502 576 2539 artus
593 2490 693 2548 amicus,

173 2561 327 2627 Rompheam
342 2562 429 2626 iugulo
447 2574 540 2627 mergat
555 2573 583 2610 ut
599 2561 640 2610 ille
655 2573 716 2619 tu0;

88 2727 108 2761 68
120 2727 223 2770 rompheam
233 2743 251 2755 =
259 2727 389 2771 rhomphaeam.
