2068 3216
775 146 805 195 16

220 233 254 266 DE
269 233 477 267 uuuouruumus
493 218 536 267 VI.
557 235 582 266 11
600 246 611 254 -
627 218 670 266 VI.
690 234 718 266 12
810 164 821 211 3

115 362 259 410 Xenocratis
276 372 371 410 sanctos
386 361 441 410 talis
456 372 582 429 penetrare
596 372 696 428 penates

162 433 245 483 Audet
261 444 285 481 et
300 433 326 480 in
341 433 428 482 mediis
445 433 479 482 sic
494 432 598 482 residere
615 432 705 493 scolis;
839 454 861 477 ιο

114 504 243 570 Indignata
257 503 340 553 fremit
354 504 473 554 iuvenum
488 504 597 554 studiosa
613 515 717 564 caterva,

163 576 284 636 Ginnasio
300 592 383 624 secum
398 575 467 642 quod
483 575 564 625 sedeat
579 575 689 635 nebulo;

114 647 216 697 Arnon
232 648 381 697 Xenocrates
398 658 489 696 mutata
505 659 586 696 mente
601 646 630 697 fit
645 647 713 707 alter,

162 719 277 768 Dimissis
293 729 375 767 tamen
390 718 428 767 his
444 735 506 784 quae
521 719 669 768 documenta
685 719 765 778 dabat,

115 790 230 857 Disputat
245 790 362 839 attonitae
378 790 409 839 de
425 789 554 839 sobrietate
570 802 687 850 catervae,
840 812 859 844 15

163 861 272 912 Candida
287 861 356 927 quod
371 862 449 910 virtus
465 873 585 929 turpeque
600 862 632 911 sit
646 862 754 921 vitium;

116 934 238 983 Sermonis
254 933 356 983 Polemo
372 944 454 982 motus
467 934 589 999 gravitate
604 949 724 983 coronam

116 1041 118 1045 ⁴
162 1006 286 1073 Deposuit
301 1005 394 1072 capitis,
411 1004 507 1054 brachia
523 1006 672 1072 composuit,

70 1137 71 1142 ¹
114 1077 180 1126 Hinc
196 1076 298 1126 hilarem
313 1076 419 1136 vultum,
437 1076 604 1144 splendentem
619 1077 692 1144 ponit
700 1077 824 1135 amictum,

163 1149 237 1197 Exuit
253 1160 277 1197 et
292 1159 371 1197 totam
386 1164 446 1197 mox
459 1148 495 1197 ibi
510 1149 661 1216 nequitiam;
839 1169 862 1192 20

116 1220 215 1269 Sobrius
232 1237 262 1268 ex
276 1220 412 1269 temulento
427 1219 463 1279 fit,
479 1219 510 1268 de
525 1219 654 1269 luxurioso

162 1292 258 1351 Parcus,
275 1291 306 1340 de
320 1291 390 1357 fatuo
406 1289 434 1341 fit
450 1291 542 1358 sophus
558 1292 680 1358 egregius.

114 1362 220 1412 Abdicat
234 1363 355 1412 insulsum
370 1362 553 1412 Themistoclen
567 1374 636 1430 pater
651 1363 732 1422 heros,

163 1433 242 1484 Mater
258 1451 283 1483 se
298 1433 388 1500 laqueo
403 1446 486 1501 stupra
502 1451 601 1500 gemens
616 1434 724 1502 perimit,

113 1507 167 1555 Iam
181 1507 220 1555 vir
236 1506 370 1555 Graiorum
385 1504 413 1555 fit
428 1506 548 1554 maximus
563 1506 609 1555 iste
624 1507 745 1566 virorum,
838 1527 860 1560 25

162 1578 187 1627 A
201 1577 279 1627 Persis
295 1588 391 1644 captam
406 1577 511 1627 restituit
525 1578 636 1644 patriam.

114 1648 194 1698 Multa
210 1648 315 1698 stulticia
329 1648 425 1698 fuerant
440 1648 560 1698 cunabula
574 1649 653 1716 prima

163 1720 258 1770 Perdita
274 1720 399 1786 Cymonis,
416 1732 518 1770 noverat
534 1721 613 1781 Eolia,

114 1793 215 1841 Factum
229 1807 291 1841 vero
306 1791 395 1841 ducem
409 1792 511 1841 miratur
527 1808 584 1841 eum
600 1792 741 1859 sapientem,

164 1864 247 1926 Quem
262 1863 389 1929 quondam
403 1865 518 1912 iuvenem
533 1863 628 1913 viderat
643 1862 790 1912 instabilem.
840 1885 861 1918 30

246 2004 290 2048 DE
308 2003 498 2049 MUTACIONE
520 2003 693 2048 FORTUNAE

453 2119 480 2150 12

115 2209 241 2276 Comperit
255 2209 363 2258 Alcibias
379 2208 490 2275 fortunas
506 2225 558 2258 esse
574 2209 697 2275 gemellas,

162 2279 261 2329 Nobilis
278 2292 302 2329 et
318 2280 386 2328 dives
403 2292 427 2329 et
443 2280 567 2347 speciosus
583 2291 642 2340 erat,

114 2352 223 2418 Imperio
238 2367 349 2417 magnus,
366 2352 461 2417 magnis
476 2351 597 2417 praelatus
613 2351 725 2411 Athenis,

164 2422 270 2472 Callidus
285 2422 394 2489 ingenio,
411 2423 551 2490 splendidus
568 2423 678 2489 eloquio,

115 2495 198 2558 Quem
211 2495 301 2562 premit
317 2494 417 2543 exilium
431 2505 490 2560 post
505 2493 571 2555 haec,
587 2495 688 2544 antissio
704 2510 793 2555 rerum,

162 2566 300 2633 Paupertas,
315 2565 411 2632 odium,
427 2566 540 2625 dedecus,
557 2565 667 2615 exitium.

115 2638 267 2704 Conspicuus
283 2637 348 2686 vitae
363 2636 441 2686 felicis
458 2648 565 2686 creverat
580 2653 658 2702 usque

79 2754 99 2788 ¹9
110 2743 194 2778 hilarem:
205 2742 218 2777 h
228 2750 307 2788 suprascr.
