2068 3216
323 210 357 243 DE
373 209 582 244 Mnuouamrmus
598 195 643 243 IX.
662 213 676 257 7
692 224 702 231 -
718 197 763 244 IX.
782 200 793 241 8
867 139 913 184 ²33

252 335 312 384 Eius
329 335 390 384 dum
404 336 511 403 prudens
528 336 661 402 corrigeret
677 337 753 397 vitia3

202 406 306 457 Militiae
322 407 476 474 disciplinam
490 408 572 457 civilia
582 408 650 457 >bella

251 480 377 539 Lamiam,
394 478 463 529 deses
475 479 533 528 ocia
549 479 619 528 miles
635 490 715 530 amat:

203 549 306 615 Elegere
322 550 411 600 ducem
425 550 535 617 legiones
551 551 653 617 perdere
668 551 767 611 fortem,
932 570 950 603 ³5

252 622 335 685 Quam
349 623 418 689 prius
435 634 555 672 assuetam
570 623 681 688 linquere
695 623 839 689 nequitiam.

408 801 453 844 DE
469 800 712 844 PRESUMPCIONE
729 783 744 809 ³

485 905 600 982 '8‘

203 1054 286 1122 Scipio
301 1053 379 1103 fertur
394 1054 421 1102 in
436 1054 485 1102 hoc
500 1054 607 1102 nimium
622 1054 762 1102 temerarius
778 1071 847 1113 ausu,

250 1126 275 1175 A
292 1142 342 1193 quo
360 1125 483 1191 Carthago
499 1126 564 1174 victa
579 1125 647 1192 prius
663 1124 758 1185 fuerat3

202 1197 344 1246 Adversum
359 1212 444 1263 regem
460 1197 517 1246 bina
533 1213 591 1245 cum
605 1212 668 1245 nave
686 1197 789 1245 Sifacem

252 1268 349 1317 Transit
364 1268 396 1317 ab
412 1269 529 1334 Hispanis
546 1268 577 1316 ad
590 1267 714 1317 Numidas
731 1268 825 1317 subitus
833 1287 843 1327 ¹;
868 1299 869 1302 =

202 1340 291 1390 Nudus
308 1340 428 1389 militibus
444 1356 502 1389 cum
516 1340 600 1407 paucis
616 1340 728 1404 pervolat
743 1340 809 1399 illuc,

252 1412 335 1474 Quem
349 1411 449 1460 fortuna
466 1411 515 1460 suis
531 1411 640 1477 protegit
656 1411 778 1479 auspiciis.
838 1450 840 1454 .

202 1482 305 1549 Absque
321 1495 422 1551 stupore
437 1484 524 1551 nequit
539 1482 645 1549 proferri
662 1484 768 1532 Caesaris
785 1483 863 1532 audax

252 1555 368 1614 Conatus,
386 1556 498 1620 quamvis
515 1554 620 1621 provida
635 1554 685 1603 fata
700 1566 802 1620 regant3

203 1626 237 1675 Ut
252 1625 346 1675 tardare
363 1643 417 1675 suas
433 1626 502 1675 uidet
518 1626 646 1693 impatiens
662 1626 781 1692 legiones,

250 1697 275 1747 A
290 1714 367 1747 coena
383 1697 469 1763 surgit,
486 1713 559 1763 aeger
574 1698 611 1745 uti
626 1696 708 1757 fuerit,

202 1767 330 1818 Maiestate
346 1786 389 1818 sua
405 1769 488 1818 servili
505 1780 608 1818 scemate
623 1780 694 1828 tecta,
729 1792 732 1832 j
764 1832 766 1836 Α
834 1817 835 1820 ,

251 1840 358 1890 Credens
375 1857 400 1890 se
415 1840 505 1908 pelago
521 1840 634 1889 navicula
650 1839 756 1900 vehitur,
815 1866 816 1870 =

202 1910 336 1979 Menteque
352 1912 481 1978 navigium
495 1911 591 1979 placida
606 1911 675 1961 iubet
690 1912 725 1960 ire
740 1928 785 1979 per
800 1913 884 1973 altum,

250 1983 354 2032 Iactatus
371 1982 582 2032 ventis-fluctibus
599 1994 623 2032 et
639 1983 757 2044 tumidis3
787 2018 789 2022 ι
841 2005 842 2008 “

203 2054 242 2103 Sic
257 2071 272 2102 a
288 2055 420 2104 Brundisio
436 2056 550 2104 traiectus
565 2070 610 2122 per
625 2053 687 2104 freta
702 2055 793 2115 lembo,
883 2096 885 2099 Α
933 2075 952 2108 15

251 2126 345 2180 Urbem
360 2127 396 2175 nil
412 2128 476 2175 lesus
493 2127 562 2175 venit
577 2126 742 2194 Apollineam.

203 2197 295 2246 Obruit
310 2197 432 2246 Albinum
447 2198 509 2247 saxis
526 2199 644 2247 exercitus
661 2199 751 2258 omnis,

250 2269 280 2317 in
295 2270 379 2318 castris
395 2270 489 2318 clarum
504 2269 638 2318 nobilitate,
648 2270 739 2329 virum,

202 2339 316 2389 Moribus
333 2352 456 2400 ornatum,
474 2342 517 2406 qui
534 2341 678 2405 sublimatus
695 2342 820 2390 honorum

251 2413 351 2461 Cunctis
368 2428 518 2478 magnorum
532 2412 639 2462 fascibus
656 2413 774 2472 extiterat,
932 2434 954 2456 20

200 2483 231 2533 In
247 2499 322 2550 quem
338 2483 399 2533 dum
413 2484 485 2533 falsas
502 2494 526 2532 et
542 2484 625 2533 inanes
642 2485 790 2551 suspitiones

251 2556 377 2621 Congerit,
394 2556 519 2605 insontem
534 2556 691 2604 milesatrox
705 2556 811 2623 perimit.

167 2723 183 2760 s,
197 2724 205 2754 r
218 2720 289 2764 (mla)
300 2733 339 2763 ras,
415 2726 416 2729 ¹
436 2731 437 2734 =
