2068 3216
342 219 377 253 ua
393 218 598 252 Mauoxxammus
615 204 645 251 Π.
666 221 674 265 5

204 349 274 397 Esset
290 349 310 397 si
326 346 418 396 caelebs
435 346 582 395 constituere
599 363 678 406 senex,

155 421 189 469 Ut
204 419 325 469 conferret
340 434 400 485 opes
416 418 468 468 fisci
483 418 628 467 utilitatibus
645 435 738 477 omnes,

202 493 283 541 Poena
298 490 425 557 proposita
441 491 460 539 si
476 489 540 538 foret
556 490 613 538 hinc
629 490 753 556 querulus.

154 564 283 623 Maximus,
300 563 403 621 Antoni,
420 579 476 611 suus
493 573 517 610 et
533 562 627 627 collega
643 561 767 610 Bubulcus

202 635 257 684 Rite
273 646 413 684 senatorum
428 646 451 683 te
467 634 582 700 pepulere
598 633 691 683 choro:

152 707 265 774 Denique
281 707 368 755 reiecta
385 722 445 771 quae
461 706 533 770 virgo
549 705 597 753 fuit
612 704 658 753 tibi
673 706 762 764 iuncta,

200 780 262 827 Rem
276 778 335 827 facis
351 777 485 844 indignam,
502 793 554 825 rem
568 777 627 826 facis
642 776 760 825 illicitam.

152 850 175 898 A
191 851 387 916 conscriptorum
403 850 463 898 Cato
480 849 579 897 Porcius
596 848 682 897 ordine
697 859 795 915 patrum

200 922 345 970 Flaminium
361 932 479 980 removet,
495 937 565 969 causa
582 920 680 969 scelesta
695 932 777 986 patet:

152 994 282 1056 Quendam
298 993 446 1059 dampnatur,
464 992 523 1041 dum
538 993 613 1057 longe
629 992 716 1040 consul
731 991 828 1052 abisset,

200 1065 278 1114 Scorti
294 1064 405 1113 confusov
415 1064 526 1128 subditus
542 1063 650 1112 arbitrio.

150 1136 232 1185 Deicit
247 1153 261 1185 a
280 1136 346 1186 dicto
363 1136 480 1184 Rufinum
496 1151 581 1184 censor
597 1135 691 1184 honore

198 1208 324 1257 Luscinius
341 1208 420 1272 culpa,
437 1224 498 1273 quae
514 1207 591 1256 modo
607 1207 673 1255 nulla
689 1206 761 1266 foret,

150 1281 237 1328 Essent
253 1296 321 1329 more
336 1279 416 1345 probo
433 1295 490 1327 cum
505 1279 602 1344 publica
618 1279 695 1327 multa
710 1279 807 1338 talenta,

197 1352 304 1400 Privatae
320 1351 400 1399 nullae
416 1350 515 1399 divitiae
530 1350 641 1400 fuerant:

149 1423 216 1471 Emit
231 1423 317 1489 pondo
334 1422 418 1471 decem
433 1422 516 1489 locupl
508 1421 558 1471 lebs
575 1433 659 1488 argent
660 1439 688 1471 ea
703 1438 768 1481 vasa,

196 1495 322 1544 Contentis
339 1494 409 1543 solita
424 1494 538 1562 pauperie
554 1494 661 1559 reliquis,

146 1567 212 1615 Iuste
228 1566 330 1615 Rufinus
347 1565 450 1615 dictator
466 1566 503 1614 bis
520 1581 620 1647 quoque
635 1554 722 1614 consul

196 1640 247 1686 Rex
262 1649 319 1697 erat,
336 1638 377 1686 hic
392 1637 467 1686 fasces
483 1649 566 1704 peccat
581 1638 608 1685 in
623 1637 671 1686 hoc
686 1636 746 1686 levit
737 1648 780 1685 t.er

146 1710 186 1758 De
201 1709 279 1757 nimio
296 1721 402 1776 sumptu,
419 1724 558 1758 mensarum
573 1709 603 1758 de
619 1724 693 1774 grave
708 1709 775 1767 luxu,

195 1782 264 1829 Esset
280 1797 337 1829 cum
353 1781 408 1829 data
423 1781 462 1830 lex
477 1781 563 1847 hisque
579 1780 668 1829 modus
684 1780 789 1847 positus,

145 1852 257 1918 Abrogat
273 1852 334 1901 hanc
349 1852 427 1919 plebis
444 1853 571 1901 Duronius
588 1853 640 1919 ipse
655 1852 784 1901 tribunus:

194 1924 337 1973 Conscensis
354 1925 447 1984 rostris,
464 1941 526 1972 voce
542 1936 629 1972 tonans
645 1923 736 1983 rabida,

145 1994 246 2044 «Vobis
262 1994 369 2061 insignes
386 2007 513 2062 ponuntur
527 1995 602 2055 frena,
620 1996 738 2058 Quirites,

193 2067 283 2115 Omnia
299 2084 364 2116 nunc
381 2068 444 2116 servi
460 2068 503 2133 qui
518 2066 617 2116 fueratis
627 2067 702 2126 .heri;
722 2117 724 2120 ,

143 2137 272 2203 Religione
288 2156 353 2187 nova
369 2139 431 2188 redit
447 2156 478 2187 en
493 2138 582 2204 rubigo
599 2150 702 2199 vetusta,

191 2209 266 2258 Inviti
281 2210 348 2276 frugi
362 2211 525 2278 praecipimur
539 2210 607 2259 fieri!

143 2281 277 2348 Expectans
294 2293 394 2330 noctem
408 2283 504 2331 ieiunus
520 2282 629 2349 prandeo
646 2282 768 2347 glandem,

190 2352 271 2401 Aurea
288 2353 384 2402 Saturni
400 2354 480 2403 secula
496 2370 555 2402 mox
570 2353 688 2403 redeunti

141 2424 270 2473 Vescimur
285 2425 412 2474 arboribus
429 2426 547 2490 mixtique
562 2425 619 2474 feris
636 2424 780 2484 habitamus,

190 2495 300 2561 Tangere
315 2509 384 2563 parta
399 2514 464 2556 cave,
481 2497 516 2545 nil
531 2498 589 2546 licet
604 2496 662 2545 hinc
677 2496 799 2562 coquere!

140 2567 192 2615 Iam
208 2566 301 2616 bellum
316 2585 368 2616 non
384 2580 427 2628 est,
444 2570 554 2617 Romana
569 2569 679 2635 potentia
695 2579 793 2626 caesset,

104 2744 125 2775 27
136 2732 237 2778 locuplebs:
246 2715 344 2779 usupraar.
394 2748 414 2779 30
424 2736 501 2779 le(viter)
512 2738 528 2770 in
539 2748 571 2771 ras.
580 2736 602 2771 al.
611 2747 651 2770 maa
