2068 3216
248 134 259 175 8

212 144 242 190 37
434 216 516 250 Passio
532 217 554 249 a.
571 215 654 250 sinuat
671 202 694 250 ΙΙ

210 343 303 411 Aptant
320 343 455 403 oeculeum‚
473 343 615 392 distendunt
631 360 734 410 corpore
750 357 867 394 sanctum.

210 415 350 481 Torquetur
360 415 468 475 Maurus,
484 416 607 481 pacienter
623 416 669 465 fert
685 418 813 476 cruciatus,
920 427 933 462 f.
946 430 978 471 15s

209 487 320 553 increpat
336 486 454 535 iniustum
470 486 540 537 dictis
557 488 688 537 cruciando
704 489 843 537 tirannum:

210 560 286 608 «lam
301 575 432 624 cognosce,
449 560 529 619 miser,
547 561 603 624 quia
620 560 650 609 de
665 561 752 626 poenis
768 561 801 608 ita
817 561 898 619 laeter,

211 630 346 696 Tamquam
362 630 459 679 diviciis
476 631 496 679 si
512 632 612 698 prandia
628 633 699 698 plena
715 632 803 699 cupitis

209 703 328 768 Apponas
344 703 440 751 homini
455 703 600 770 propensius
617 704 753 752 aesurienti.

210 775 260 822 Has
277 791 325 840 ego
342 774 440 823 delicias
456 774 601 841 exoptabam
617 775 692 824 michi
708 788 794 840 gratas,

210 847 261 894 Has
277 847 374 914 aepulas
391 847 473 895 animo
490 846 653 914 deposcebam
669 846 803 906 sitibundo,

210 919 284 966 Hunc
300 918 399 968 calicem
415 919 505 967 Christi
521 919 593 967 nimis
609 919 734 968 exhaurire
749 918 849 985 cupivi:

210 990 263 1037 Iam
278 991 430 1057 complector
445 1007 503 1041 eum
517 1005 563 1057 pro
579 990 648 1039 cuius
665 991 765 1040 nomine
779 990 905 1039 ‘Christum

211 1062 277 1109 Haec
293 1073 415 1113 tormenta
430 1061 492 1121 fero,
509 1078 555 1128 pro
572 1079 623 1129 quo
639 1074 761 1129 gratanter
776 1061 861 1111 obibo

210 1134 312 1182 lntueor
328 1150 452 1184 summum
467 1135 511 1200 qui
526 1151 566 1184 me
581 1134 698 1183 formavit
713 1134 820 1193 lhesum,

210 1204 283 1253 Fudit
300 1216 323 1254 et
339 1205 461 1272 insignem
476 1221 522 1273 pro
538 1222 578 1256 me
593 1205 723 1255 moriendo
740 1221 860 1264 cruorem,

210 1277 263 1324 Iam
278 1276 417 1343 coniungor
433 1278 456 1326 ei
472 1294 546 1343 quem
561 1289 613 1326 tota
629 1289 710 1326 mente
725 1278 813 1343 recepi,

211 1348 263 1411 Qui
278 1347 340 1398 mihi
354 1361 498 1415 perpetuam
513 1366 572 1398 mox
587 1349 661 1398 tradit
675 1348 764 1398 habere
780 1364 905 1406 coronam,

210 1420 372 1486 Associatque
388 1437 434 1469 suo
450 1421 563 1470 clementi
579 1436 679 1470 munere
695 1437 780 1486 regno.

211 1492 264 1551 Eia,
280 1507 367 1558 rumpe
382 1508 471 1552 moras,
488 1509 539 1552 cur,
556 1492 627 1541 effera
642 1493 721 1552 belua,
738 1509 815 1541 cessas
832 1491 843 1539 ?

210 1563 284 1629 Auge
299 1563 430 1623 carnifices,
447 1564 538 1613 multos
554 1563 643 1613 adhibe
658 1564 776 1622 laniones,

212 1635 340 1695 Construe,
349 1652 429 1702 surge,
437 1652 534 1702 rogum,
542 1651 654 1702 propera,
663 1636 782 1684 succende
789 1634 920 1692 caminum,

210 1708 271 1773 Igne
280 1707 347 1773 liqua
356 1707 494 1773 plumbum,
511 1707 600 1756 calefac
615 1707 736 1756 violenter
749 1706 853 1765 olivum,

211 1777 279 1827 Affer
294 1779 442 1839 craticulam,
458 1779 590 1828 conscendi
606 1780 697 1847 quippe
713 1789 835 1836 catastam,

212 1852 327 1916 Exupero
342 1866 441 1918 prunas,
457 1851 563 1900 ollarum
576 1850 705 1917 fragmina,
721 1862 806 1909 testas,

211 1922 367 1971 Demonibus
384 1923 448 1972 servi
463 1922 553 1989 quibus
569 1923 660 1971 exultas
675 1921 795 1980 famulari,

212 1995 276 2043 Cum
291 1994 346 2060 quis
363 1993 488 2061 sulphurei
503 1993 607 2043 truderis
624 1994 655 2043 ad
670 1994 718 2044 ima
734 1993 831 2051 baratri,

213 2066 279 2129 Quas
296 2066 363 2115 Iovis
378 2066 420 2115 ille
435 2078 491 2115 tuus
508 2066 597 2114 meruit
611 2081 702 2131 poenas
718 2065 822 2113 luiturus

212 2138 276 2187 Cum
291 2137 399 2204 reliquis,
415 2154 509 2197 vecors,
526 2154 589 2203 quos
605 2137 715 2187 mentiris
729 2136 784 2185 fore
799 2136 879 2184 divos.

211 2210 265 2258 Illic
281 2226 332 2259 esse
348 2210 423 2259 deum
438 2209 537 2260 tandem
551 2208 697 2275 profitebere
713 2208 845 2265 Christum,

213 2281 288 2331 Cuius
304 2292 451 2348 perpetuum
466 2281 557 2330 scando
572 2292 597 2330 te
611 2280 692 2329 iudice
708 2295 843 2346 regnum».

213 2354 318 2402 Cernens
335 2353 453 2403 inflexum
467 2352 554 2420 poenis
569 2369 622 2401 non
637 2351 735 2401 caedere
751 2350 875 2409 Maurum,

214 2424 261 2474 Sed
275 2425 359 2492 potius
375 2425 487 2473 Domino
503 2435 582 2490 grates
598 2424 739 2490 impendere
755 2422 861 2481 Christ0,

213 2498 309 2545 Praeses
325 2508 473 2555 commotus,
490 2496 606 2555 «socii»,
622 2496 717 2553 clamat,
735 2512 749 2542 <‹
758 2507 900 2560 superamur

177 2650 208 2683 237
215 2639 292 2673 etuleum
298 2640 316 2672 P.
366 2649 397 2682 239
404 2647 496 2682 tyrannum
502 2639 516 2671 P
564 2649 595 2679 24ο
607 2637 662 2681 penis,
672 2636 717 2670 leret
728 2637 746 2671 P.
789 2647 819 2678 241
832 2644 922 2680 tanquam,

139 2686 205 2721 divitiis
212 2687 231 2721 P.
292 2696 323 2727 242
331 2686 414 2720 esurienti
420 2686 438 2719 P.
499 2696 532 2727 244
538 2684 597 2728 epulas
604 2686 622 2719 P.
684 2695 715 2726 ²47
723 2683 781 2718 hecP.
837 2694 869 2727 249
878 2684 922 2717 inse-

140 2746 193 2779 gnem
200 2735 219 2768 P.
269 2733 298 2767 261
308 2744 360 2777 penas
368 2734 386 2768 P.
436 2732 466 2776 265
476 2734 530 2777 penis,
538 2732 599 2767 cedere
607 2734 625 2767 P.
674 2731 706 2775 267
715 2742 772 2775 preses
780 2732 798 2766 P.
