2068 3216
438 213 558 248 uarsrurr
582 199 621 248 IX

171 344 232 395 Vidi
247 344 383 410 disparium
396 343 470 392 facies
487 343 634 408 habitusque
649 342 769 402 virorum,

219 415 328 465 Feminei
344 431 413 464 sexus
430 414 555 464 carbaseos
572 414 668 480 apices:

172 489 236 537 Cum
251 487 329 537 delata
344 482 401 535 foro
417 486 512 535 venalia
527 497 593 535 tanta
609 485 707 536 viderem

220 560 281 609 Non
297 569 377 607 essent
392 558 488 607 nummi
504 557 573 624 quod
589 557 651 609 mihi
661 557 767 623 dirigui.

173 632 205 679 Et
220 646 262 679 rex
277 629 385 688 advenit,
402 646 481 678 cuneo
497 629 600 678 vallatus
618 629 732 695 equestri,

221 702 304 765 Quem
319 700 505 767 praecurrebant
521 701 619 767 agmina
635 700 748 760 miliciae,

172 773 304 822 Praebebat
318 772 415 839 populo
432 773 568 838 spectacula
584 772 627 837 qui
644 771 692 821 sibi
708 783 791 838 grata:

221 845 315 893 Oderat
330 843 461 908 Aethiopis
478 844 579 893 verbera
595 861 652 893 seva
668 843 709 907 leo

174 917 249 966 Senos
266 916 310 982 qui
326 931 421 965 menses
438 921 495 963 curn
510 914 617 964 necdum
632 931 723 981 parvus
740 914 847 974 haberet,

221 986 337 1036 Terrebat
352 986 443 1052 vulgus
460 986 561 1035 rictibus
577 986 731 1036 horrisonis:

173 1058 291 1108 Exulibus
308 1058 402 1107 miseris
418 1059 545 1124 prostratis
562 1075 589 1106 ac
606 1058 715 1124 spoliatis

221 1129 374 1181 Commodus
391 1141 415 1178 et
431 1129 498 1178 mitis
514 1129 604 1179 dicitur
620 1147 672 1179 esse
687 1130 745 1190 leo;

173 1202 239 1251 Hinc
254 1201 355 1251 maculis
371 1201 501 1267 leopardus
518 1218 583 1267 equo
599 1201 778 1268 pulcherrimus
795 1202 852 1250 atris

221 1274 291 1323 Colla
306 1273 441 1336 vehebatur
456 1272 559 1323 nexibus
575 1273 717 1340 inplicitus·

174 1346 247 1395 Hunc
263 1356 327 1394 creat
343 1345 369 1392 in
390 1355 461 1394 torva
476 1333 548 1411 pardi
564 1345 676 1410 genitura
691 1345 768 1404 leena,

220 1417 302 1466 Velox
318 1415 376 1465 inde
391 1414 453 1465 feras
470 1415 570 1466 saltibus
587 1428 731 1484 exsuperat3

173 1489 300 1538 Concursu
317 1487 391 1537 celeri
406 1488 553 1555 properabat
568 1499 621 1536 tota
636 1487 721 1537 videre

221 1560 273 1608 Ore
288 1570 382 1609 trucem
400 1558 490 1608 lincern
505 1574 610 1639 corpore
624 1558 694 1641 plebs
710 1558 808 1626 agilem,

173 1631 248 1680 Cuius
264 1631 376 1696 proiecto
385 1630 487 1697 deludit
502 1630 614 1679 acumina
630 1630 696 1680 vitro

220 1703 339 1762 Venator,
355 1702 430 1767 raptis
446 1701 575 1768 aufugiens
592 1702 686 1762 catulis,

173 1774 287 1840 Denique
304 1774 338 1822 sic
353 1772 422 1823 visus
438 1773 501 1822 acies
517 1773 695 1823 transverberat
711 1774 772 1833 eius,

221 1844 305 1894 Obvia
321 1861 432 1911 quaeque
448 1844 495 1893 sibi
510 1846 554 1894 vix
569 1845 631 1911 quid
646 1856 674 1894 ut
690 1845 795 1913 officiat:

174 1917 302 1966 Curriculo
319 1916 393 1965 Bachi
408 1916 483 1966 linces
499 1928 602 1983 potuere
618 1917 698 1983 iugari
772 1913 773 1916 ’

221 1988 328 2037 Ducitur
344 1988 446 2037 ebrietas
462 2003 506 2056 par
522 1988 580 2054 quia
596 1988 716 2048 seviciae;

173 2059 278 2108 Lubrica
294 2059 429 2125 gibbosum
444 2059 559 2108 ductabat
574 2059 646 2109 turba
662 2060 791 2119 camelum,

222 2131 305 2194 Quem
319 2130 401 2180 faleris
418 2142 532 2196 comptus
549 2131 627 2197 opido
642 2131 705 2180 vitat
721 2147 815 2196 equus:

173 2203 288 2268 Denique
303 2196 421 2269 protenso
438 2213 511 2270 caput
527 2215 563 2251 est
578 2203 615 2251 illi
631 2203 705 2252 breve
721 2202 796 2263 collo,

221 2273 256 2322 At
272 2273 362 2340 gibbus
379 2272 455 2322 dorso
470 2274 596 2340 prominet
611 2275 638 2337 in
653 2274 746 2334 medio,

175 2346 256 2408 Quem
272 2345 346 2393 tradit
360 2345 431 2393 furiis
448 2345 527 2395 ablata
542 2346 627 2395 Venus
643 2345 774 2405 diuturnis

222 2417 262 2465 Bis
280 2428 379 2466 centum
393 2416 471 2465 fertur
486 2417 571 2466 vivere
587 2417 710 2477 solsticiis,

103 2524 245 2531 ———

139 2581 564 2627 159vrrorummxleg1potest161(vi)
567 2607 596 2617 .....
608 2581 639 2626 lega
649 2592 679 2617 non
687 2587 742 2627 potest
777 2582 856 2618 viderem
868 2583 889 2618 C.

104 2630 134 2680 165
159 2629 190 2665 sed
238 2630 268 2665 Cn.
329 2629 361 2672 164
414 2630 538 2674 procurrebant
550 2630 616 2674 Leheuf
703 2629 732 2673 165
749 2629 856 2673 praebebant
867 2631 889 2665 R.

102 2675 167 2723 Lrbrus.
228 2689 260 2721 ¹74
274 2686 376 2722 exsuperat.
391 2684 487 2722 ssuprasrr.
541 2680 580 2722 183
592 2677 658 2712 lubrica
669 2689 708 2712 corr.
723 2690 744 2712 ex
757 2677 823 2721 ludicra,
838 2678 889 2713 bri..c

101 2734 180 2772 suprascr.
195 2728 227 2768 184
238 2734 342 2771 coopertum
354 2725 384 2760 Cn.
