2068 3216
794 155 822 186 11

263 224 297 257 DE
312 225 522 259 uuuoanurrmus
539 210 570 258 V.
591 227 600 256 1
620 239 628 245 -
646 211 676 259 V.
696 228 708 257 2
828 156 842 203 9

127 350 251 417 Antigoni
266 363 336 400 natus
353 364 426 420 caput
441 352 524 401 attulit
539 352 682 413 Aleioneus‚

176 423 237 473 Iecit
252 422 322 471 humi
338 424 415 473 multa
430 439 483 472 non
499 424 551 473 sine
566 424 676 484 laeticia;
848 446 881 479 170

129 494 238 561 Corripit
253 494 396 560 Antigonus
412 496 535 555 iuvenem,
553 513 680 557 «casus»,
692 496 739 546 sibi
752 497 843 556 dicem,

179 583 193 615 «
201 566 327 616 Inmemor
335 565 436 615 humani
451 567 545 616 laeticia
561 568 669 635 raperis;

130 637 183 686 Oro
198 653 294 687 memor
307 638 392 705 quanti
406 650 478 707 caput
491 638 539 688 hoc
552 639 608 699 fuit,
622 640 721 706 inspice,
736 639 825 706 regis»
838 658 844 698 ;

178 709 241 759 Mox
257 708 304 758 sibi
320 727 435 776 gauseam
450 710 555 760 detrahit
571 728 584 759 a
601 712 686 778 capite,

130 781 218 829 Gentis
234 796 303 829 more
320 797 393 830 suum
407 793 480 849 caput
496 783 541 831 hac
556 782 666 848 gestabat
681 795 805 849 opertum,
848 804 879 837 175

180 853 236 915 Qua
252 864 325 919 caput
340 852 464 903 abiectum
478 855 546 913 texit,-
563 855 641 903 humo
657 855 776 914 relevans,

131 924 316 990 Conectensque
333 924 382 974 suis
399 924 515 974 membris
530 926 593 975 illud
609 934 699 975 cremat
714 926 776 993 igni,

179 997 212 1044 Et
228 995 303 1045 solvit
318 1007 425 1062 captum,
442 995 505 1046 filius
522 997 569 1056 hic,
587 998 724 1057 Helenum;

131 1067 169 1115 Ex
183 1083 244 1117 auto
260 1067 323 1117 facta
339 1068 431 1132 cineres
448 1068 539 1118 claudit
553 1069 629 1135 patris
646 1085 714 1129 urna,

180 1138 265 1188 Tradit
280 1150 305 1188 et
320 1140 347 1188 in
362 1155 440 1206 regno
457 1156 508 1207 quo
524 1141 629 1189 tumulet
644 1142 756 1208 proprio.
849 1155 882 1186 180

131 1208 215 1259 Africa
231 1211 361 1261 Marcellus
377 1212 450 1261 nimis
466 1212 562 1261 incaute
578 1213 715 1280 speculatus

180 1283 271 1343 Castra,
288 1284 353 1333 cadit
369 1283 432 1333 duro
449 1283 536 1333 flebilis
552 1284 601 1333 heu
617 1283 716 1350 gladio:

131 1351 239 1404 Annibal
255 1355 321 1407 hunc
337 1354 407 1404 Tirio
424 1356 510 1421 sagulo
527 1355 577 1404 dux
592 1357 689 1405 Poenus
705 1355 823 1404 amictum

181 1426 319 1486 Comburit,
336 1427 397 1476 lauri
413 1428 495 1476 iuncta
511 1443 603 1476 corona
618 1426 674 1476 fuit.

398 1568 443 1611 DE
466 1567 579 1611 GRATIS

479 1696 492 1726 2

132 1785 241 1851 Agmina
256 1786 407 1835 Vulscorum
421 1786 500 1852 portis
516 1785 659 1834 admoverat
675 1784 743 1834 urbis

182 1856 298 1917 Marcius,
315 1873 427 1906 arsurum
442 1858 540 1905 moenia
555 1857 619 1906 celsa
634 1857 738 1917 minans,

134 1928 217 1991 Quem
232 1929 338 1995 genitrix
353 1928 462 1988 Veturia,
479 1940 555 1995 nupta
570 1928 696 1978 Volunnia
713 1929 821 1990 flectunt,

182 2000 294 2049 Pluribus
311 2000 393 2049 effusis
409 2011 465 2049 ante
480 2001 563 2049 virum
578 2000 685 2056 lacrimis¹
693 2018 700 2059 ;

135 2072 294 2121 Constituunt
310 2070 398 2121 harum
412 2083 492 2139 patres
508 2072 535 2120 in
550 2072 646 2121 honore
662 2071 767 2120 duarum

184 2143 295 2193 Condere
312 2144 430 2192 matronis
446 2144 505 2193 haec
521 2155 571 2192 rata
586 2144 639 2192 iura
656 2143 722 2193 suis:

135 2214 232 2264 Obvius
249 2215 354 2264 extiterit
370 2214 391 2264 si
405 2215 470 2264 forte
485 2214 609 2264 viantibus
624 2214 680 2278 illis

184 2286 292 2336 Tramite
307 2287 354 2346 vir,
371 2286 454 2336 caedat
469 2297 574 2335 transeat
590 2297 618 2334 ut
634 2285 731 2345 mulier,

135 2358 249 2408 Crinibus
266 2370 291 2407 et
305 2359 404 2425 pulcrae
420 2369 529 2407 statuunt
545 2357 688 2407 redimicula
703 2358 787 2418 vittae,

184 2431 335 2479 Ornamenta
351 2430 440 2495 quibus
456 2429 570 2495 primitus
586 2429 651 2478 auris
668 2441 752 2489 erant;
865 2451 886 2474 10

135 2500 179 2549 Uti
196 2513 324 2567 segmento
340 2501 492 2550 concaedunt
509 2512 533 2550 et
549 2501 622 2550 simul
638 2512 716 2561 ostro,

184 2574 244 2623 Non
261 2585 318 2640 sunt
332 2573 422 2639 ingrati
439 2572 590 2638 supplicibus
606 2572 720 2625 lacrimis.

101 2703 132 2736 174
143 2692 341 2736 gauseam=causiam
391 2695 422 2734 184
436 2691 620 2735 iunctamnprascr.
654 2690 790 2734 ¹2‚9vittae:
804 2697 814 2736 t
823 2701 852 2736 ,tu-

63 2747 125 2785 prater.
