2068 3216
830 145 843 176 2

251 215 286 247 uu
301 214 509 248 Maurounmrtssus
525 201 556 248 H.
583 214 658 247 arou
671 228 687 235 -
703 202 734 248 II.
754 218 763 247 1
846 144 861 193 9

411 846 535 894 LIBER
571 846 601 893 II
657 860 659 863 ⁴

149 1031 423 1103 EXPLICITLIBERI
449 1091 451 1094 .
481 1022 482 1025 Ἰ
542 1056 708 1101 PROLOGUS
728 1056 864 1102 SECUNDI

148 1203 254 1251 Disseris
270 1203 377 1270 antiquis
393 1202 424 1251 de
439 1213 544 1268 patrum,
561 1203 643 1261 Musa,
660 1202 763 1262 statutis,

197 1275 236 1322 De
253 1274 321 1323 ducis
337 1275 450 1341 imperio,
467 1274 551 1322 militis
567 1273 697 1339 obsequio,

150 1346 268 1412 Quaeque
283 1345 451 1412 triumphandi
468 1362 511 1394 seu
527 1345 644 1394 sobrietas
661 1344 813 1404 dominandi,

199 1417 329 1485 Quamque
345 1434 427 1466 severa
442 1416 491 1465 fuit
506 1416 590 1483 regula
605 1415 695 1476 iuditii,

149 1488 246 1550 Quanta
262 1489 552 1554 magistratus'maiestas,
570 1499 659 1555 quanta
676 1499 779 1548 senatus,
886 1511 894 1543 5

197 1560 352 1628 Prosequeris
369 1561 480 1619 metrico,
497 1559 569 1609 Musa
584 1561 678 1618 iocosa,
693 1560 764 1609 stilo.¹
798 1604 799 1607 ,

148 1631 198 1679 Hie
213 1642 278 1691 tuus,
295 1633 410 1699 Euterpe,
426 1631 500 1680 fuerit
515 1631 585 1680 labor
600 1631 646 1679 ista
661 1631 758 1691 referre,

197 1703 294 1752 Parnasi
309 1704 372 1752 lictis
389 1704 437 1752 huc
452 1714 584 1770 properato
600 1702 681 1768 iugis!

148 1773 218 1835 Quae
241 1773 302 1824 bene
325 1774 437 1834 delectas,
461 1775 481 1823 si
504 1775 610 1823 carmina
632 1774 707 1839 digna
730 1774 860 1834 ministras,

197 1846 309 1894 Carmina
325 1847 345 1895 si
361 1847 448 1896 caedro
465 1846 540 1911 digna
555 1846 652 1894 locutus
670 1861 720 1894 ero.
876 1870 897 1894 ιο

146 2033 260 2078 INCIPIT
275 2035 366 2078 LIBER
382 2035 543 2079 SECUNDUS
619 2035 663 2077 DE
679 2035 861 2079 REGNORUM

244 2103 246 2105 ’
423 2106 581 2151 PRINCIPIIS
663 2101 689 2106 ’Δ
715 2102 718 2111 ”
769 2101 771 2107 “

496 2253 505 2280 1

147 2348 282 2413 Nemrohy,
299 2350 342 2417 qui
357 2350 451 2416 primus
469 2349 571 2398 surrexit
586 2349 613 2396 in
628 2347 689 2397 orbe
705 2349 823 2406 tirannus,

195 2418 257 2468 Mox
271 2432 329 2487 post
345 2421 469 2470 diluvium
484 2420 585 2487 corripit
600 2420 739 2486 imperium.

146 2490 230 2538 inclita
245 2492 396 2560 principium
410 2492 480 2558 regni
496 2491 601 2541 Babiion
615 2490 664 2539 fuit
679 2490 760 2550 huius,

196 2562 265 2624 Quae
281 2564 355 2612 Babel
372 2581 385 2612 a
401 2565 462 2613 turri
479 2564 513 2612 sic
528 2563 635 2612 vocitata
651 2561 707 2622 fuit,

108 2726 154 2761 Ptol.
168 2740 175 2761 1
188 2740 237 2763 musa
248 2733 264 2765 in
275 2742 308 2766 ras.
320 2731 342 2765 al.
354 2741 395 2765 man.
444 2728 534 2762 6metrico
540 2740 588 2762 musa
594 2728 653 2762 iocosa
658 2729 675 2761 in
680 2740 720 2770 ras„
726 2739 774 2762 musa
779 2735 859 2772 staturam.
