2068 3216
204 124 251 184 136

386 212 421 245 Du
436 210 644 245 urxuoxnnmuus
661 197 691 244 V.
712 202 723 244 8

218 336 263 379 DE
278 336 328 380 HIS
345 336 401 393 QUI
417 336 556 380 MORTEM
570 336 723 380 FILIORUM
737 335 893 380 FORTITER

382 419 640 464 '''TULERUNT
694 446 695 449 =
754 420 755 425 ’
811 412 859 421 “’

545 560 564 616 t

199 698 267 746 Colle
282 698 339 747 Iovi
355 697 472 764 grandem
488 697 607 747 Pulvillus
624 698 719 747 dedicat
735 698 820 747 aedem
912 707 972 752 f.5sv

245 770 275 818 ln
292 769 431 837 Capitolino
447 769 564 836 praesulis
580 769 669 829 offitio,
823 835 825 838 .

197 841 310 891 Nuncius
326 841 421 890 adsistit
437 841 556 890 sollennia
571 841 652 890 verba·
662 842 765 901 canenti,

194 931 196 936 ·
247 913 352 963 Nuntiat
367 913 408 962 hie
423 924 509 961 natum
524 929 584 961 mox
599 913 690 962 obiisse
706 930 785 972 suum,

197 984 242 1034 Ille
257 1001 303 1033 nec
319 995 442 1033 extensam
457 984 578 1033 contraxit
594 984 624 1033 ab
640 985 750 1051 unguine
766 985 883 1044 dextram,

247 1057 287 1106 Ne
302 1056 477 1124 praetermittat
492 1055 633 1122 pontificale
649 1072 751 1116 sacrum,

198 1128 251 1177 Nec
267 1127 366 1177 vultum
381 1127 455 1196 flexit,
471 1138 551 1195 partes
567 1138 597 1176 ut
611 1144 663 1176 non
679 1144 750 1207 mage
765 1128 840 1195 patris

247 1200 330 1262 Quam
345 1194 437 1265 magni
443 1210 524 1267 partes
539 1198 663 1267 pontificis
680 1210 781 1265 gereret

199 1271 313 1333 Quatuor
328 1268 449 1320 Aemilius
466 1271 554 1320 Paulus
570 1272 634 1319 natis
651 1271 786 1332 decoratus,

246 1342 362 1408 Abnegat
377 1342 434 1391 inde
450 1339 513 1391 duos
529 1342 620 1392 indolis
637 1337 765 1409 egregiae;

199 1416 283 1464 Unum
298 1431 404 1495 namque
420 1413 498 1463 tribus
515 1414 628 1463 Cornelia
644 1415 718 1480 gratis
734 1415 853 1481 adoptat,

245 1486 338 1535 Alter
331 1497 392 1535 rtem
406 1486 486 1535 Fabiis
503 1485 600 1535 additus
617 1497 653 1535 est
668 1486 699 1535 ab
716 1486 767 1546 eis;

197 1557 264 1606 Ante
277 1557 344 1606 diem
357 1568 472 1624 quartum
485 1574 560 1624 quam
572 1558 691 1606 duceret'
684 1555 736 1625 ipse
749 1557 911 1636 triumphum,

247 1629 347 1678 Tercius
363 1629 475 1696 exspirat,
491 1628 566 1678 febris
583 1626 669 1678 hanela
684 1640 761 1689 necat,

196 1701 226 1750 ln
242 1716 316 1750 curru
332 1711 431 1781 quartus
449 1700 512 1750 subli
504 1701 560 1749 imis
576 1717 635 1750 cum
649 1712 717 1768 patre
732 1706 826 1760 vectus,

246 1771 346 1821 Tercius
363 1772 472 1821 exoritur
487 1772 525 1821 sol
540 1771 592 1833 ubi,
608 1788 668 1821 mox
680 1772 805 1832 moritur;
888 1808 890 1811 -

198 1843 250 1906 Qui
266 1843 365 1893 dederat
380 1855 450 1893 natos
466 1844 576 1911 privatus
593 1844 702 1909 germine
714 1851 781 1903 toto,
860 1837 871 1842 .,

247 1915 342 1964 Educat
357 1926 469 1964 externos
486 1927 510 1964 et
527 1915 573 1964 sibi
589 1915 690 1982 adoptat
706 1932 756 1965 eos.

198 1987 291 2035 Consul
307 2003 366 2046 eras,
384 1986 462 2036 Marci
477 1988 537 2046 Rex,
554 1997 578 2035 et
594 1987 689 2052 collega
706 1987 814 2046 Catonis,

245 2059 347 2107 Amittis
362 2070 448 2107 natum
464 2059 531 2107 solus
547 2058 639 2125 etipse
654 2058 708 2117 tibi,

197 2130 311 2179 Moribus
326 2130 437 2195 insignis,
454 2129 550 2178 subtilis
566 2130 678 2178 acumine
694 2126 790 2189 mentis,

246 2201 390 2268 Condignus
406 2202 460 2250 talis
476 2200 541 2251 filius
557 2201 609 2269 esse
624 2201 717 2268 patris3

197 2274 257 2322 Non
273 2285 309 2322 est
325 2278 432 2322 mutatus
447 2287 494 2339 pro
510 2272 681 2322 mesticia'tibi
696 2272 788 2332 vultus,

246 2345 299 2393 Etsi
315 2355 367 2393 tota
383 2344 472 2394 domus
489 2344 538 2393 hoc
553 2345 674 2393 moriente
690 2345 756 2403 ruit;

196 2416 297 2464 Funeris
313 2416 410 2483 expleto
426 2433 486 2464 mox
501 2416 588 2465 ordine
604 2432 673 2464 more
689 2416 786 2475 Latino,

246 2487 382 2554 Tamquam
397 2487 432 2536 nil
447 2502 532 2554 passus
548 2488 601 2536 iura
617 2486 685 2536 ducis
701 2487 806 2554 peragis.
849 2525 851 2527 v

196 2558 298 2607 Pericles
315 2559 399 2608 doctas
416 2560 459 2624 qui
475 2559 552 2607 clarus
570 2559 631 2607 rexit
647 2558 764 2618 Athenas,

171 2688 180 2718 7
189 2676 274 2721 (mag).(e)
286 2687 318 2711 ras.
383 2687 403 2718 14
411 2676 496 2721 exspirat:
505 2683 600 2720 stuprascr.
676 2676 696 2710 16
704 2676 779 2711 moritur
786 2688 790 2711 :
798 2687 817 2710 m
829 2682 908 2720 suprascr.

125 2734 145 2766 19
156 2724 221 2758 marci:
233 2736 245 2758 ο
256 2726 285 2767 sig.
296 2735 326 2758 voc.
337 2731 416 2768 suprascr.
