2068 3216
210 130 256 174 188

317 214 352 247 DE
367 214 575 248 nnnonrarrraus
592 199 678 247 VII.‘8
696 227 705 234 -
721 200 777 248 VII.
795 217 809 264 9

207 341 276 389 Milia
292 342 381 408 viginti
397 358 557 391 nummorum
573 342 624 390 sola
640 342 738 407 reliquit
780 364 782 374 ³

255 414 323 461 illius
340 414 410 472 natis,
426 431 484 462 cum
500 414 605 479 genitrix
619 413 699 472 obiit;

207 485 240 532 At
258 486 340 533 matris
357 486 443 534 nolens
460 486 588 534 extendere
603 484 653 533 filia
668 485 787 545 fraudem,

256 556 373 604 Maternis
389 556 467 605 caruit
482 558 534 623 ipsa
551 558 637 623 suique
653 556 733 606 bonis.

209 628 332 676 Heredem
348 628 501 676 Currinatem
516 628 575 676 facit
590 628 643 694 ipse
659 628 783 688 Metellus

256 700 321 748 Cum
336 711 440 765 cognata
456 699 520 748 foret
537 699 637 748 Claudia
653 700 716 748 clara
731 699 818 759 tribus,

208 772 261 819 Nec
277 783 450 819 testamentum
466 771 597 837 quisquam
612 771 853 837 consanguineorum

256 843 356 908 Attigit,
372 855 396 891 at
412 844 501 891 mansit
517 843 625 906 Quintus
642 844 678 891 uti
695 843 785 893 statuit.

209 915 327 962 Fraternis
344 914 433 980 opibus
450 914 531 963 doluit
546 914 651 962 caruisse
667 915 785 980 Reginus,

258 986 430 1052 Transalpinus
447 998 513 1035 erat:
530 985 604 1034 frater
619 1003 659 1034 eas
676 979 775 1035 dederat

208 1057 242 1105 At
258 1075 310 1106 non
325 1058 437 1123 personis
453 1057 588 1106 illustribus
605 1069 646 1105 aut
663 1057 708 1106 sibi
724 1057 813 1106 iunctis

259 1129 388 1194 Sanguine,
404 1129 497 1195 plebeis
513 1128 556 1178 sed
572 1129 650 1194 magis
666 1146 693 1177 ac
710 1129 793 1194 elegis,

210 1200 281 1249 Unde
296 1200 381 1249 forum
397 1200 479 1260 subiit,
495 1200 613 1267 patribus,
630 1201 726 1267 populo
741 1199 863 1266 patefecit,

258 1273 390 1321 Ostentans
407 1272 525 1337 geminas,
542 1272 668 1340 scripserat
690 1270 741 1332 has,
758 1272 861 1332 tabulas,

209 1344 238 1391 ln
255 1344 343 1409 quibus
361 1344 476 1392 heredem
491 1344 538 1392 sibi
554 1343 679 1392 mandarat
694 1343 748 1392 fore
763 1343 871 1404 fratrem,

258 1416 339 1463 Frater
355 1427 379 1464 at
395 1416 499 1464 externis
515 1415 640 1464 distribuit
655 1416 771 1482 propria3

212 1487 357 1535 Succensent
373 1503 459 1535 onmes
476 1502 594 1552 germano
610 1487 705 1535 restitui
720 1503 766 1546 res,

258 1559 346 1607 Fratris
363 1575 415 1607 non
430 1569 531 1607 temerat
546 1558 588 1606 1116
605 1569 692 1606 statuta
709 1558 754 1607 sui.
924 1568 937 1606 f.
950 1571 984 1603 rev

211 1698 267 1755 QUI
282 1699 426 1743 HEREDES
440 1698 570 1743 CONTRA
583 1699 765 1743 OPINIONEM
777 1698 925 1743 FUERUNT

565 1826 579 1874 9

211 1918 307 1966 Luculli
324 1917 406 1965 studio
422 1917 493 1982 vigili
509 1933 615 1982 curaque
631 1916 710 1981 sagaci

259 1989 366 2037 Plurima
381 1989 490 2055 percepit
506 1987 637 2036 commoda
654 1987 766 2046 Cecilius,

212 2061 298 2109 Factus
314 2072 339 2108 et
355 2072 391 2108 est
406 2074 455 2127 ope
470 2075 598 2126 possessor
613 2059 697 2124 magni
712 2059 864 2125 patrimonii,

261 2132 384 2180 Heredem
400 2146 495 2197 semper
511 2131 604 2179 dixerat
619 2130 685 2179 unde
701 2146 790 2189 suum;

212 2204 246 2251 At
262 2215 407 2251 testamento
424 2203 543 2268 Pompeio
560 2214 647 2250 cuncta
662 2202 762 2267 reliquit
778 2232 812 2239 -
890 2205 891 2208 ’

262 2275 308 2323 Cui
324 2290 465 2339 cognomen
481 2286 531 2323 erat
546 2273 644 2322 Atticus
660 2274 750 2322 -ille
766 2290 825 2333 sua;

213 2347 257 2394 Per
273 2345 382 2413 lapidosa
397 2347 446 2394 viri
461 2361 550 2412 corpus
567 2345 640 2394 nimis
656 2345 768 2394 insidiosi

260 2417 373 2466 Detraxit
388 2418 504 2484 populus,
520 2418 573 2466 lora
588 2417 666 2482 ligans
683 2416 804 2484 pedibus:

179 2511 180 2516 ¹
214 2490 263 2536 Hic
279 2506 443 2537 successorem
459 2489 552 2554 recipit,
570 2489 652 2537 statuit
669 2487 715 2536 sibi
732 2489 836 2553 qualem,

120 2582 141 2604 10
262 2561 400 2609 Promeruit
417 2560 459 2609 sed
476 2577 535 2626 quas
550 2559 658 2626 perfidus
675 2560 796 2625 exequias.

178 2739 197 2771 19
209 2726 301 2761 extendere
312 2728 328 2760 iu
339 2738 371 2761 ras.
