2068 3216
299 211 333 244 nn
348 206 554 244 munonnntnmus
570 195 613 244 IV.
634 211 643 241 1

118 338 188 385 Esset
204 336 316 385 Tiberius
333 336 393 385 dum
409 337 525 403 Scipiadis
541 337 662 399 inimicus,

167 408 249 475 Scipio
265 407 296 457 de
311 408 376 457 victa
391 424 482 457 nomen
498 408 588 458 habens
604 410 672 471 Asia,

118 481 157 529 De
174 479 220 529 sibi
235 480 371 529 commissis
388 480 507 529 rationem
522 480 567 530 rite
583 482 678 531 talentis

167 551 260 601 Consul
276 568 333 600 cum
348 563 429 616 cogat,
445 550 545 601 reddere
561 569 613 601 non
627 565 739 619 poterat;

118 623 232 672 Publicus
249 623 313 671 hunc
329 637 408 672 carcer
422 623 527 689 caligine
543 625 643 692 suscipit
658 636 716 685 ater,

166 698 221 764 Ipse
236 695 393 743 tribunorum
408 695 500 760 flagitat
515 696 648 755 auxilium;

105 788 106 791 ¹
119 767 182 816 Cum
197 766 322 833 suffragari
337 766 418 815 nullus
434 779 597 831 praesumeret
611 767 655 828 illi,

167 839 277 888 Graclrus
294 838 391 887 secessit
406 839 518 903 protinus
534 856 547 886 a
563 839 671 906 reliquis,

118 911 252 960 Decretum
267 910 363 975 scripsit
379 909 446 975 quod
463 909 563 959 demum
578 911 612 959 sic
627 911 753 961 recitavit:

40 982 43 987 '
168 982 281 1047 «Scipio,
299 981 341 1049 qui
357 981 451 1047 magnis
468 982 613 1049 conspicuus
629 982 738 1048 tropheis

119 1055 197 1119 Reges
213 1053 240 1102 in
254 1064 318 1102 tetro
334 1052 437 1102 detrusit
452 1069 546 1102 carcere
561 1053 659 1114 crebr0,‘

109 1146 111 1150 ·
168 1125 267 1175 Carcere
282 1141 334 1173 non
350 1125 439 1190 dignus
456 1126 567 1185 comsit,
584 1125 649 1174 abire
665 1124 750 1174 damus
760 1144 791 1184 »;

119 1196 226 1245 Rebatur
240 1196 348 1264 populus
365 1195 433 1263 quod
449 1190 563 1245 scriberet
578 1213 662 1262 aspera
678 1196 797 1256 GrachuS‚
847 1230 848 1233 =

168 1267 292 1317 Sobrietas
306 1269 357 1316 eius
373 1267 484 1317 laudibus
501 1268 622 1318 astruitur.

119 1340 242 1388 Posterior
257 1340 362 1388 lustrum
377 1339 438 1388 dum
454 1340 535 1406 Scipio
552 1340 667 1389 conderet
683 1356 768 1400 unum,

167 1414 256 1460 Lustro
272 1410 342 1460 finito
359 1427 427 1460 more
442 1411 495 1460 litat
511 1411 602 1471 soiito;

94 1477 178 1531 ''Ritu
194 1479 306 1531 sollemni
323 1482 369 1532 sibi
385 1482 462 1531 scriba
477 1498 559 1549 preces
576 1482 610 1531 ibi
625 1482 715 1542 fundit,
827 1494 887 1538 fi3sv

169 1555 272 1621 Scriptas
283 1555 315 1602 ‘in
330 1571 398 1606 sacro
415 1571 473 1621 quas
489 1555 549 1620 legit
564 1555 605 1603 ille
620 1554 692 1613 libro,

120 1627 255 1675 «Crescere
271 1627 400 1685 Romanas,
417 1643 433 1675 o
450 1625 498 1684 dii,‘
510 1626 649 1674 concaedite
665 1642 743 1691 gazas,

167 1697 267 1747 Publica
282 1713 319 1747 res
335 1709 363 1746 ut
379 1697 410 1746 sit
425 1697 530 1764 amplior
545 1697 663 1756 efficite»,

121 1769 203 1837 Scipio
218 1769 357 1836 respondet,
375 1786 450 1818 «non
464 1770 510 1817 ista
522 1769 661 1836 precamina
678 1768 751 1829 diceS,
818 1776 819 1780 ’

112 1840 113 1843 ’
167 1840 267 1890 Publica
282 1856 320 1890 res
336 1841 405 1890 dives
420 1841 548 1908 amplaque
564 1841 612 1889 iam
628 1841 684 1889 satis
701 1852 744 1900 est,

119 1912 252 1961 incolomis
261 1925 356 1961 maneat
370 1925 434 1981 pete,
444 1913 521 1977 qualis
530 1911 667 1978 quantaque
675 1930 740 1961 nunc
749 1924 795 1961 stat
804 1931 826 1971 »,

168 1985 200 2032 Et
216 1985 250 2033 sic
265 1984 364 2033 inscribi
379 1984 496 2051 praecipit
511 1985 563 2051 ipse
578 1984 662 2033 libris:
739 2000 740 2007 ¹

120 2055 223 2104 «Prima
232 2056 336 2122 petenda
345 2056 413 2123 prius
422 2054 518 2104 fuerant
534 2055 594 2104 dum
604 2057 726 2121 ‘septimus
736 2056 808 2104 huius

168 2127 241 2177 Urbis
257 2128 377 2176 conclusit
394 2138 486 2194 sceptra
502 2127 620 2176 moderna
634 2127 703 2194 lapis,

110 2199 195 2247 'Orbis
211 2215 269 2247 cum
283 2210 350 2247 totus
367 2198 462 2248 sitiam
478 2198 524 2247 sibi
539 2213 615 2265 paene
631 2198 752 2257 subactus,
779 2225 780 2229 =

169 2270 262 2320 Sufficit
277 2282 304 2318 ut
319 2271 383 2336 iugis
399 2271 444 2319 ista
459 2270 569 2337 potentia
585 2270 616 2318 sit
625 2285 658 2318 »p
763 2275 764 2281 ’

119 2341 255 2391 Productus
270 2342 338 2390 testis
355 2358 416 2409 quae
431 2341 525 2408 profert
542 2341 734 2400 Scevola=vidit,'
759 2353 761 2355 “
788 2351 789 2357 ’

169 2413 238 2476 Quae
253 2424 354 2480 possent
369 2414 487 2461 miserum
501 2413 602 2480 perdere
612 2414 669 2461 iure
685 2427 761 2472 reum,

121 2484 313 2552 «Oportebat»,
327 2485 368 2544 ait,
383 2502 398 2532 t<
406 2484 453 2533 nisi
467 2485 533 2533 solus
548 2490 620 2543 eram,
632 2483 698 2532 vmihi
714 2484 788 2542 cre'di,

168 2557 225 2605 Uno
242 2567 302 2605 teste
318 2556 382 2605 cadit
397 2572 471 2605 nemo
487 2571 541 2604 reus
554 2555 641 2621 ¹gladio
651 2573 682 2614 ›>;
761 2566 762 2569 ’
780 2556 782 2566 ¹

121 2629 182 2676 Ecce
195 2627 271 2676 fidem
284 2639 370 2687 servat,
385 2628 502 2676 miserum
515 2643 614 2694 quoque
629 2627 730 2675 Scevola
743 2626 828 2685 salvat,

169 2700 222 2748 Una
237 2700 315 2765 pium,
332 2710 450 2747 monstrat
466 2699 539 2747 altera
556 2715 626 2747 causa
641 2698 760 2765 probum„
819 2723 820 2726 =
838 2731 839 2734 =
859 2718 860 2721 ¹
