2068 3216
223 146 254 178 22

205 146 216 191 3
468 215 586 250 Ealsruaa
609 203 647 251 IX
707 235 709 239 -

202 344 274 393 Nulli
289 358 389 410 prorsus
405 361 453 410 ego
469 344 582 392 convicia
598 344 658 393 dura
674 345 790 410 rependo,

251 416 349 464 Eversus
366 416 452 464 tetrico
469 415 516 464 sim
530 416 586 465 licet
602 415 746 482 obprobrio,

203 486 250 536 Sed
265 486 334 536 velut
349 487 441 535 auritus
457 486 511 536 fero
527 503 636 552 quaeque
652 487 767 537 iubentur
782 488 877 547 asellus,

251 558 295 607 Nil
311 558 421 625 positum
436 558 512 607 dorso
527 558 590 607 ferre
606 575 691 607 recuso
707 576 771 610 meo.
912 569 970 614 f.135

202 630 237 679 At
252 629 299 679 tibi
315 629 383 695 quod
398 630 477 679 nostri
493 630 541 678 sint
556 645 636 679 mores
653 630 749 696 gaudeo
765 632 827 691 noti,

251 702 361 750 Exsolvo
378 713 455 766 grates
473 702 541 768 quod
556 701 617 750 mihi
633 701 761 762 notifices;

202 774 291 822 Laetor
306 784 330 822 et
346 772 402 821 inde
419 773 475 821 satis
491 773 574 822 videar
591 774 708 838 quoniam
723 774 768 823 tibi
784 774 870 834 comis,

252 845 316 894 Seria
332 844 412 893 dicere
428 845 482 910 quis
498 844 587 893 frivola
603 862 645 894 seu
661 845 748 895 voluit.

202 917 262 966 Non
278 916 341 984 sapit
358 916 437 964 omnis
454 917 531 965 homo
548 933 573 965 se
588 916 742 966 conformare
758 916 844 977 sodali,

250 988 304 1037 Nec
319 986 430 1037 conferre
446 1004 503 1036 suos
520 987 630 1037 moribus
646 988 761 1048 alterius3

203 1059 288 1125 Sepius
304 1072 341 1109 est
357 1071 454 1126 gratum
468 1070 617 1126 postponere
633 1060 694 1108 seria
709 1060 778 1120 ludo,

249 1132 316 1180 Nam
331 1132 399 1180 iuvat
414 1130 534 1179 humanos
551 1130 678 1196 disparitas
693 1132 796 1180 animos.

202 1201 260 1251 Mos
276 1201 324 1251 fuit
339 1203 438 1251 intonso
454 1203 559 1268 proclivi
575 1203 627 1251 sole
643 1202 768 1268 magistro,

250 1275 285 1323 Ut
301 1273 406 1324 fluvialis
423 1290 499 1339 equus
515 1286 577 1323 esset
593 1273 704 1323 harundo
721 1275 775 1334 sibi,

202 1346 242 1395 Sic
257 1345 347 1396 nrixtus
363 1346 444 1411 pueris
461 1346 567 1410 equitare
584 1346 677 1394 solebat
692 1346 803 1405 Athenis,

250 1417 429 1481 Praestantique
444 1416 500 1465 viro
516 1417 563 1466 tale
578 1417 688 1468 levamen
704 1429 770 1477 erat;

202 1488 254 1553 Qui
267 1489 371 1538 Socratis
383 1499 521 1538 commenta
532 1489 624 1554 legunt,
637 1489 680 1554 qui
692 1488 783 1556 dogma
795 1489 910 1548 Platonis,

250 1560 342 1610 Callem
358 1559 401 1626 qui
416 1560 500 1609 levum
515 1560 659 1625 Phitagotae
673 1559 781 1627 fugiunt,

201 1634 235 1682 Ut
251 1632 359 1682 relevent
374 1631 449 1683 animi
464 1631 560 1681 fastidia
576 1632 649 1680 noxia
663 1631 719 1681 lassi

250 1704 311 1753 Ocia
327 1703 408 1753 dilatis
423 1703 506 1752 crebra
521 1703 606 1752 colunt
622 1703 728 1763 studiat}
767 1707 769 1709 ’

201 1775 321 1827 Sudorem
335 1775 423 1842 positis
439 1775 509 1824 miles
525 1791 582 1823 cum
597 1773 691 1824 terserit
706 1775 787 1834 armis,

248 1847 288 1895 Fit
303 1847 420 1896 damnosa
435 1846 505 1913 vagis
521 1846 572 1895 alea
587 1845 659 1896 ludus
676 1846 715 1905 ei;

200 1918 314 1968 Rusticus
330 1918 449 1967 abiunctis
466 1918 520 1967 vice
535 1917 587 1966 ludi
604 1933 673 1985 saepe
688 1917 805 1977 iuvencis,

249 1990 380 2039 Construat
395 2001 423 2038 ut
439 2004 536 2056 saepem
550 1988 612 2037 falce
628 1988 697 2039 metit
714 1989 827 2048 salicem;

200 2061 317 2127 Regibus,
334 2061 430 2112 omissis
447 2060 602 2110 mordacibus
617 2060 726 2126 undique
742 2060 814 2119 curis,

248 2134 322 2182 Ferro
338 2133 456 2198 setigeros
472 2131 547 2198 figere
561 2143 666 2198 praestat
681 2148 761 2198 apros,

200 2204 252 2253 Aut
266 2221 325 2253 cane
340 2204 465 2253 nubiferas
480 2204 548 2253 iuvat
564 2203 679 2269 indagare
694 2204 774 2269 sagaci

248 2277 339 2342 Rupes,
355 2287 383 2324 ut
399 2276 506 2326 dammas
521 2275 681 2341 praecipitent
695 2274 801 2333 timidas,

200 2346 313 2396 Cassibus
329 2358 371 2396 aut
387 2347 472 2396 densas
487 2346 603 2412 laqueatis
619 2347 717 2412 cingere
733 2346 814 2405 silvas,

248 2420 316 2468 Nexa
332 2435 438 2468 ramosas
454 2429 505 2467 arte
519 2418 596 2483 ligare
611 2417 681 2476 feras,

105 2508 126 2541 95
199 2490 251 2538 Aut
266 2490 392 2556 vestigatis
409 2507 476 2539 secus
492 2488 593 2538 herbida
608 2500 675 2556 prata
691 2488 788 2538 fluentis

247 2561 371 2628 Accipiter
386 2562 472 2610 iacitur
487 2572 515 2609 ut
530 2561 638 2627 capiatur
653 2577 718 2621 anas,

163 2722 184 2757 66
196 2724 283 2768 (e)...(sus)
294 2735 327 2760 ras.
375 2724 396 2767 ⁶7
408 2724 562 2769 (velut)..(auritus)
574 2736 606 2759 ras.
655 2728 674 2759 81
688 2724 775 2760 Platonis:
787 2736 795 2758 s
806 2732 884 2770 suprascr.
