2068 3216
420 221 539 255 austum
564 208 594 255 X*

405 347 555 391 EPISTULA
575 348 598 391 X

399 442 444 486 AD
463 442 593 487 PETRUM

165 568 229 616 Cum
244 566 342 625 veteris,
359 567 436 623 Peme,
453 577 534 613 nectar
550 565 674 615 amiciciae
690 564 737 613 tibi
752 565 819 624 fune,

213 638 312 703 Dignus
330 654 354 685 es
371 638 396 684 in
412 637 504 684 nostris
520 654 613 685 nomen
629 636 717 685 habere
733 636 818 696 libris;

166 712 226 768 Nec,
244 710 302 774 quia
318 720 342 757 te
357 708 446 774 pocior
462 724 537 772 quam
553 726 592 757 me
607 707 721 756 facundia
738 708 807 768 ditet,

215 781 380 846 Contempnas
397 780 446 828 cari
463 780 538 828 moile
554 797 643 846 poema
659 780 704 839 tui,

166 853 219 902 Etsi
236 853 343 902 Nasonis
359 867 476 900 numeros
493 863 517 900 et
533 868 570 900 res
586 852 698 910 imiteris,

215 926 247 972 Et
263 936 287 973 te
304 923 395 972 dotarit
412 923 517 971 carmine
534 924 606 972 Musa
622 923 683 987 pari,

166 996 279 1044 Cinthius
295 1007 393 1061 argutas
410 994 496 1043 docuit
513 994 533 1043 si
549 994 745 1061 tangere'fibras,

213 1068 293 1116 Alluit
310 1079 334 1116 et
349 1066 426 1115 fontis
443 1066 544 1115 flumine
560 1066 668 1132 Pegasei,

167 1140 192 1188 Si
209 1139 299 1187 chorus
316 1138 446 1200 Aonidum
460 1150 590 1204 praerupta
607 1154 696 1204 sopore
713 1150 841 1203 gravatum

216 1212 261 1259 Per
276 1211 334 1276 iuga
350 1209 448 1259 Parnasi
465 1226 530 1258 sacra
546 1209 656 1258 canendo
672 1210 737 1269 tulit,
898 1230 919 1253 10

166 1282 267 1331 Menalii
283 1282 391 1331 nemoris
408 1281 428 1330 si
444 1281 519 1330 lustra
534 1297 579 1348 per
594 1281 649 1330 avia
665 1281 743 1341 duxit,

215 1354 285 1416 Quae
301 1354 380 1402 coluit
397 1353 498 1402 Graiam
513 1353 586 1402 docta
602 1365 698 1402 caterva
713 1353 791 1401 litam.

168 1426 281 1488 Quantus
295 1424 361 1491 apud
375 1442 415 1475 me
429 1425 470 1484 sis,
484 1441 536 1473 non
548 1440 653 1491 possum
664 1440 779 1490 promere
792 1423 882 1483 verbis,

215 1497 270 1545 Etsi
285 1508 401 1546 centenos
418 1495 460 1544 det
476 1512 529 1545 mea
545 1497 629 1562 lingua
646 1513 730 1555 sonos,

166 1570 219 1619 Nec
235 1568 305 1628 mihi,
322 1568 343 1617 si
359 1585 462 1634 magnus
479 1567 593 1627 videaris,
610 1568 701 1633 grande
717 1568 824 1627 videtur,

215 1639 279 1688 Cum
295 1652 393 1689 constes
409 1655 513 1705 magnus
530 1640 629 1706 regibus
647 1650 671 1687 et
687 1639 800 1698 ducibus,

167 1711 219 1774 Qui
235 1728 287 1760 non
302 1711 415 1779 poscenti
432 1711 555 1760 donarunt
570 1712 669 1760 culmen
685 1712 797 1770 honoris,

215 1784 249 1831 Ut
264 1782 333 1832 fieres
350 1783 420 1832 claris
437 1783 526 1831 clarior
541 1783 593 1849 ipse
609 1783 686 1832 viris:

167 1855 200 1903 At
217 1855 274 1920 quia
289 1866 314 1903 te
330 1856 392 1903 novi
408 1854 466 1903 sella
482 1854 588 1920 dignum
602 1854 705 1921 potiori,

215 1926 361 1976 Ponendum
376 1926 455 1975 fateor
471 1926 579 1975 ediciore
594 1927 666 1974 loco:
898 1946 920 1968 20

24 2003 82 2049 flua
168 1999 192 2047 Ο
208 1998 303 2047 utinam
319 1998 388 2064 quod
405 1998 457 2047 sole
473 1998 551 2048 modo
568 1998 613 2046 sub
629 1997 734 2063 virginis
749 2009 816 2046 astro

216 2069 280 2117 Cum
295 2070 368 2120 multi
383 2069 452 2119 fieret
467 2070 561 2118 laeticia
575 2069 681 2136 populi!

167 2142 315 2190 Promoveat
331 2158 389 2192 cum
404 2153 428 2190 te
444 2142 542 2207 gemina
557 2140 691 2208 prudencia
707 2140 774 2200 dote,

215 2212 298 2261 Debes
315 2230 373 2264 cum
389 2214 491 2264 summis
508 2229 603 2263 summa
618 2223 701 2261 tenere
716 2212 794 2261 viris:

168 2284 228 2333 Non
244 2283 358 2344 humana,
374 2285 433 2333 latet
448 2302 501 2333 non
516 2296 540 2333 te
557 2284 641 2333 divina
658 2283 753 2350 sophia,

216 2353 303 2406 Infima
319 2373 371 2404 non
388 2356 488 2415 Herebi,
504 2373 557 2404 non
572 2356 631 2405 latet
645 2356 700 2403 aula
715 2356 786 2422 poli;

169 2427 281 2491 Quisque
291 2427 386 2493 placere
398 2428 458 2478 viris
469 2440 586 2495 properat
592 2442 664 2494 prece
671 2443 772 2476 munere
779 2427 883 2492 magnis,

217 2498 327 2565 Eloquio
342 2499 392 2548 leni
408 2517 471 2565 quos
488 2499 534 2548 tibi
550 2511 577 2548 tu
594 2498 701 2558 subicis;

168 2569 283 2635 Denique
298 2582 365 2620 tanta
380 2583 448 2621 tuam
464 2572 596 2620 comitatur
612 2571 689 2636 gratia
704 2570 823 2636 linguam,

134 2699 152 2732 13
165 2688 222 2722 verbis
223 2736 240 2770 C
247 2695 345 2733 ssuprascr.
419 2689 521 2734 14lingua:
540 2695 642 2734 usuprascr.
700 2700 765 2723 sonos:
785 2694 885 2732 ssuprascr.

100 2738 119 2769 18
132 2743 211 2770 ut:cum
238 2747 254 2771 n.
