2068 3216
221 155 270 200 270

486 228 604 262 amarum
629 214 664 262 Ill

221 356 339 422 Praecipit
355 357 431 421 aptari
446 358 569 406 lavacrum
585 357 756 422 medicumque
771 357 863 416 vocari,

270 428 327 476 Post
343 429 444 493 epulum
459 428 557 494 limphis
574 428 676 477 diluitur
692 427 796 493 tepidis3

222 499 281 547 Eius
297 500 323 547 in
339 499 376 548 his
393 516 466 548 venas
482 499 547 548 ferro
563 500 680 565 praecidit
697 500 825 567 Hipocras‚

271 570 373 636 Spiritus
390 571 506 619 exhausto
523 571 640 637 sanguine
656 571 812 621 distrahitur:

222 642 317 691 Marsus
333 642 378 701 uti,
395 654 480 691 natum
496 643 612 709 serpentis
628 643 729 692 verbere
744 643 836 691 laesum

270 713 391 773 Inficians,
407 730 420 762 a
437 731 462 763 se
478 714 546 763 reicit
562 731 614 763 esse
630 727 716 774 saturn,

224 785 261 834 Sic
278 802 385 845 omnem,
402 786 459 834 nevi
476 803 550 851 quem
564 803 616 835 non
632 786 744 852 contagia
760 784 810 834 fedi

270 857 417 916 Polluerant,
433 856 520 906 foedus
538 857 622 907 oderat
637 858 689 924 ipse
705 859 790 917 Nero;

223 928 270 977 Hic
287 929 386 978 demum
402 929 491 994 leporis
507 929 658 995 proscriptus
674 945 743 978 more
758 928 852 994 fugacis

270 1000 299 1048 In
314 1001 430 1066 vepribus
446 1000 532 1050 timida
548 1000 644 1050 delituit
659 1000 756 1049 latebra.

222 1072 334 1136 Propalat
351 1072 445 1121 Siculus
461 1072 527 1121 facili
543 1074 639 1121 racione
655 1072 763 1121 tirannus

271 1143 344 1192 Haud
360 1143 457 1193 modice
473 1144 576 1210 pavidos
593 1161 644 1193 esse
661 1144 698 1193 sui
714 1143 821 1203 similes;

222 1215 336 1280 Amplius
352 1215 466 1265 affectum
481 1215 580 1281 reliquis
596 1216 729 1281 interrogat
744 1231 829 1275 unum,

271 1288 303 1336 Et
319 1287 366 1336 sibi
381 1287 530 1336 concordem
546 1287 691 1352 consiliique
707 1287 802 1346 ducem,

224 1376 237 1404 r<
247 1360 286 1407 Ne
302 1359 378 1407 caeles
394 1358 532 1408 fortunatus
548 1375 609 1408 num
624 1359 716 1407 iudicer
732 1375 745 1407 a
761 1370 793 1417 te,

272 1430 354 1493 Quem
370 1430 462 1495 pollere
478 1430 547 1479 vides
563 1430 715 1479 multimodis
732 1429 821 1495 opibus
829 1448 862 1490 >›;

224 1503 311 1551 «Cum
327 1501 425 1551 videam
439 1517 532 1569 pronos
550 1503 677 1551 summissa
692 1501 774 1550 fronte
791 1501 889 1551 Sicanos

272 1574 332 1622 Esse
346 1574 396 1622 tuis
405 1592 428 1633 >›,
445 1573 506 1633 infit,
524 1573 662 1623 «omnibus
677 1573 794 1639 imperiis,

224 1646 287 1694 Cum
298 1645 410 1694 sobolem
420 1645 518 1694 videam
528 1657 689 1711 praestantem
699 1660 757 1693 curn
767 1661 930 1705 numerosam,
937 1655 951 1692 f.
958 1665 1003 1691 mv

272 1717 374 1766 Plenum
389 1717 482 1766 divitiis
497 1734 555 1766 cum
569 1717 667 1767 videam
681 1716 763 1777 variis,

223 1789 311 1838 Dicere
327 1788 424 1837 felicem
440 1805 514 1854 quem
528 1801 553 1838 te
568 1789 645 1854 magis
662 1805 713 1837 esse
729 1788 836 1837 valerem
851 1788 885 1837 Ρ»

272 1861 332 1909 Dux
345 1860 387 1919 ait,
405 1877 419 1907 «
427 1877 458 1908 an
473 1860 532 1909 felix
548 1860 595 1908 sim
609 1860 655 1909 tibi
670 1858 773 1909 notifico
781 1877 813 1919 »3

224 1932 286 1981 Mox
301 1933 327 1980 in
343 1932 399 1981 sede
415 1949 457 1980 sua
474 1933 576 1998 gemmis
592 1948 700 1997 auroque
715 1947 816 1980 corusca

273 2005 346 2052 Hunc
361 2003 426 2052 locat
442 2014 466 2052 et
482 2020 592 2052 mensam
605 2002 714 2071 praeficit
729 2014 785 2052 ante
801 2019 886 2062 suam;

224 2075 387 2124 Accumulans
405 2076 464 2123 escis
480 2075 542 2124 hanc
557 2075 668 2140 pluribus
683 2074 840 2133 illecebrosis,

272 2147 362 2195 Pocula
378 2146 469 2195 diversi
485 2147 623 2212 suppeditat
638 2146 741 2212 generis,

225 2220 256 2267 Et
273 2233 344 2285 super
359 2218 424 2266 illius
442 2219 526 2284 gracili
541 2229 613 2284 caput
628 2236 642 2266 a
657 2218 763 2283 laqueari

272 2290 326 2338 Filo
342 2290 462 2338 nudatum
478 2290 592 2356 deposuit
607 2289 732 2356 gladium

226 2362 350 2411 Convivae
367 2361 458 2426 stupidi
474 2372 565 2410 tremor
581 2377 701 2427 exangues
718 2361 796 2426 quatit
811 2371 885 2419 artus,

272 2432 381 2482 Vivendi
396 2433 445 2480 iam
460 2448 514 2498 spes
530 2433 597 2481 nulla
613 2432 659 2481 sibi
675 2443 800 2499 superest;

227 2506 299 2554 «Cur
312 2519 442 2564 securus»,
455 2505 497 2564 ait,
512 2522 527 2551 «
535 2521 587 2552 non
601 2504 661 2553 libas
676 2503 767 2552 fercula
782 2514 855 2563 tanta,

274 2576 377 2640 Sumptu
392 2575 467 2641 regali
484 2593 544 2641 quae
559 2575 605 2625 tibi
619 2575 749 2641 praeposui
764 2574 799 2623 Ρ»

188 2706 206 2738 75
224 2694 264 2728 nevi
274 2693 350 2727 :naevi
396 2693 432 2727 fedi
442 2708 459 2721 =
470 2693 523 2728 foedi.
571 2697 592 2737 78
608 2692 703 2737 (ti).(mida)
719 2704 760 2736 rau,
771 2703 810 2728 corr.
824 2704 847 2728 ax
861 2692 933 2728 tumida.

154 2752 175 2786 94
187 2741 284 2787 ootrcuia
296 2752 327 2775 ras·
