2068 3216
477 184 596 237 Ensrunn
610 188 635 236 H

204 329 311 379 Casibus
324 330 350 378 in
366 329 433 379 duris
449 341 473 378 at
487 342 613 395 permanet
628 329 669 379 ille
684 328 771 391 fidelis,

256 401 294 451 Sic
309 401 509 467 Agamennonidi
524 400 587 451 fidus
604 413 654 450 erat
670 401 772 460 Pilades.
821 402 822 405 ’

207 473 314 523 Urbibus
330 474 439 539 ignotus,
456 473 476 521 si
492 473 523 522 sit
538 472 641 522 fortasse
656 473 779 534 disertus„

254 544 363 594 Dotibus
379 556 421 593 aut
436 545 488 593 aliis
505 545 680 594 condecoratus
696 547 749 606 erit,

205 617 232 665 ‹Si
247 617 319 676 fama,
336 617 356 665 si
372 615 466 665 divitiis
482 615 573 665 ditetur
588 615 706 677 honestis,
774 673 775 678 ¹
791 675 792 678 Ἴ

255 690 301 738 His
318 687 443 754 suffragari
458 688 509 737 iure
525 687 570 737 tibi
583 689 684 754 poterit,

208 762 241 809 Ut
257 760 288 810 de
303 759 417 809 thesauro
434 759 539 825 gaudere
553 760 646 809 valebis
662 762 757 828 opimo,

257 832 281 880 Si
296 831 341 880 tibi
357 832 397 880 vel
413 832 479 880 solus
495 831 558 880 fidus
575 833 666 881 amicus
682 834 735 882 erit.

208 904 307 952 Eurialo
323 904 399 954 Nisus
416 903 473 968 quia
488 904 603 952 manserit
617 915 682 953 artus
699 905 798 964 amicus²

255 975 379 1042 Increpuit
394 974 466 1023 nobis
482 975 617 1040 Virgiliana
632 976 706 1025 tuba':

205 1046 305 1096 Obvius
321 1047 405 1096 hostili
422 1046 533 1095 Eurialus
550 1046 580 1095 de
595 1058 668 1096 nocte
683 1047 788 1107 cohorti,

256 1120 331 1167 Hasta
347 1119 459 1167 traiectus
476 1117 582 1167 deseruit
598 1133 715 1185 superos:

208 1189 242 1238 At
257 1191 342 1250 Nisus,
359 1191 455 1239 socium
470 1189 530 1238 dum
545 1190 665 1258 conspicit
681 1191 852 1250 exanimatum,

257 1264 345 1322 «Heu,
361 1278 392 1310 ne
408 1273 528 1327 superstes
545 1277 587 1310 ero
597 1279 620 1321 »,
636 1274 750 1329 personat
767 1263 875 1321 Eurialo,

208 1333 240 1381 Et
255 1333 335 1382 iaculo
350 1332 434 1392 fixum,
451 1333 530 1381 iaculo
547 1333 590 1400 qui
605 1333 658 1382 fixit
673 1335 787 1393 amicum,

256 1405 341 1454 Manes
356 1404 483 1472 praecipiti
498 1405 565 1470 cogit
580 1405 646 1453 adire
661 1406 716 1464 via3

207 1476 256 1525 Sed
271 1476 363 1526 vindex
378 1476 434 1536 cari,
451 1476 511 1525 dum
526 1487 608 1524 totum
624 1477 686 1525 sevit
701 1477 727 1525 in
742 1494 838 1543 agmen,

257 1548 347 1597 Tocius
363 1548 417 1597 telis
432 1548 536 1614 agminis
552 1548 681 1615 appetitur.

207 1620 243 1668 Ut
258 1636 321 1679 reor,
338 1620 403 1669 haud
418 1619 471 1668 auri
487 1619 574 1668 rutilus
590 1620 701 1668 nectebat
716 1635 816 1669 acervus

256 1692 321 1740 Illud
337 1702 454 1757 spectatae
469 1690 557 1740 foedus
573 1692 702 1740 amiciciae.

207 1763 293 1828 Phytia
309 1762 442 1828 discipulos
459 1764 621 1827 Damonaque
637 1762 801 1829 Phytagoreos

257 1836 350 1884 Unicus
365 1835 459 1883 invicto
475 1833 575 1884 foedere
588 1833 668 1883 iunxit
683 1850 768 1893 amor;

207 1906 294 1955 'Unum
310 1903 403 1955 Siciliae
418 1906 488 1954 iussit
502 1907 589 1971 punire
604 1907 730 1956 tirannus:

258 1978 308 2026 Cur
322 1978 415 2027 invisus
432 1978 455 2025 ei
470 1983 540 2026 causa
556 1978 613 2038 latet
628 1977 709 2027 fuerit.

208 2050 261 2113 'Qui
276 2065 323 2117 pro
340 2067 365 2098 se
380 2064 464 2098 carum
478 2048 593 2115 praedem
608 2048 711 2116 deponit
726 2050 840 2108 amicum,

257 2121 404 2188 Dispertiret
420 2136 491 2186 agros
508 2120 586 2169 donec
602 2135 711 2188 opesque
727 2137 788 2170 suas.

209 2194 261 2241 lam
277 2204 337 2242 stata
351 2193 395 2241 lux
409 2191 497 2250 aderat,
513 2192 669 2259 perimendus
685 2192 768 2241 adesse
784 2191 895 2251 retardat,
932 2238 939 2247 ,

258 2264 333 2314 Nulla
350 2264 392 2313 sed
407 2263 448 2312 ille
462 2263 555 2330 probus
572 2264 641 2328 signa
656 2264 754 2330 pavoris
771 2263 860 2323 habet;

210 2335 279 2384 Plebs
297 2336 354 2401 quia
369 2334 498 2384 crediderit
512 2335 628 2402 praedem
643 2335 773 2384 subsannat
789 2335 868 2384 amico

259 2407 318 2470 Qui,
335 2407 355 2456 si
371 2406 503 2472 subfugiet,
519 2418 620 2474 propter
636 2423 693 2455 eum
707 2418 796 2473 pereat.

210 2478 320 2527 Advenit
334 2478 415 2546 posita
431 2477 513 2526 subito
529 2477 684 2544 perimendus
701 2478 727 2526 in
742 2478 818 2527 hora:

258 2550 328 2599 Plebs
346 2549 457 2598 stabilem
472 2549 553 2598 laudat
569 2548 658 2597 arbiter
673 2561 745 2615 atque
761 2550 842 2608 fidem,

175 2728 195 2760 27
210 2728 281 2751 acervus
292 2728 331 2751 corr.
343 2728 365 2751 ex
375 2728 419 2751 acer.
468 2728 488 2759 29
501 2716 563 2760 Phytia
577 2731 595 2744 =
604 2716 670 2761 Pythia.
