2068 3216
314 211 349 243 or
364 201 573 244 Mauouasmaus
590 193 633 242 IV.
653 210 663 255 3
813 139 841 187 95

132 338 184 397 Ille,
202 352 375 403 «supervacue
391 353 443 385 non
459 337 571 396 dicam»,
597 336 665 396 dicit,
692 355 707 384 «
715 338 797 403 inepte

182 410 238 457 Hoc
254 408 315 457 mihi
331 407 447 458 defertis:
464 426 516 457 non
532 419 588 474 eget
604 408 641 456 his
658 409 755 469 Curius,
787 454 788 458 ,

133 480 301 544 Quamdives
316 479 378 540 fieri,
393 481 449 547 plus
466 480 585 529 divitibus
602 479 724 529 dominari

181 553 288 619 Exoptat
305 552 402 611 Curius,
417 552 459 612 ite,
475 551 563 601 referte
573 552 638 610 citi;
655 557 659 562 ”

133 624 203 673 Auro
220 624 345 691 corrumpi
362 636 404 672 seu
420 623 535 673 bellando
552 623 670 689 superari
698 651 700 654 ·
771 648 773 650 ·

181 697 241 745 Non
256 696 349 762 poterit
365 695 453 762 Curius
469 696 563 744 diuitiis
579 712 670 743 vacuus
680 713 702 745 ».
749 700 751 703 ’
779 713 781 718 ⁴

134 767 190 826 Hic,
207 768 278 816 Latio
294 767 391 835 victum
405 783 496 833 cogens
512 766 746 826 'excederePirrum
797 783 798 787 ¹
824 771 825 774 ’

181 839 225 888 Nil
242 838 288 888 sibi
304 839 335 888 de
350 838 439 905 praeda
451 838 585 904 >multiplici
601 839 701 898 statuit;

133 911 197 960 Urbs
214 911 289 959 ditata
304 910 360 971 fuit,
374 910 692 977 locupletatique'manipli,

182 982 363 1049 Quinquagena
378 993 458 1047 patres
475 983 623 1031 constituere
639 982 685 1030 sibi

133 1055 227 1123 iugera*
236 1054 359 1103 conscribi
375 1054 438 1102 ruris
454 1064 602 1122 septenaque
617 1053 692 1120 plebi,

183 1125 229 1174 Sed
245 1143 303 1174 nonv
313 1125 415 1175 excessit
431 1125 471 1178 hic
487 1128 620 1174 numerum
632 1126 736 1191 populi:

133 1197 237 1245 Dicebat
253 1198 335 1246 civem
350 1214 403 1245 non
418 1214 470 1246 esse
485 1197 593 1263 probum
610 1197 652 1246 sed
667 1198 773 1257 inanem,

182 1268 233 1331 Qui
249 1280 379 1317 contentus
396 1286 426 1317 eo
444 1285 495 1334 quo
511 1269 599 1335 reliqui
614 1286 666 1317 esse
682 1270 775 1335 nequit.

132 1340 257 1389 Fabricius
272 1352 325 1389 tota
340 1340 380 1390 vir
395 1338 539 1391 honoribus
549 1340 653 1407 amplior
668 1340 729 1389 urbe

182 1413 214 1460 Et
230 1412 349 1478 gravitate
365 1412 415 1460 suis
431 1412 583 1478 temporibus
599 1412 689 1478 viguit,

79 1502 82 1508 ·
121 1484 214 1531 ‹Censu
229 1484 378 1554 pauperibus
395 1484 503 1532 minimis
519 1496 600 1533 tamen
616 1483 818 1550 aequiperandus,

182 1554 283 1604 Robore
292 1557 332 1604 cui
348 1556 437 1604 mentis
453 1555 535 1604 nullus
552 1567 602 1604 erat
618 1556 704 1622 similis
712 1574 721 1615 ,;

61 1659 63 1661 -
132 1626 176 1675 Isti
193 1627 303 1676 Sannites
320 1626 437 1676 dederant
452 1644 477 1676 se
494 1639 581 1693 sponte
597 1627 705 1687 clientes,

182 1698 253 1760 Quos
270 1697 474 1747 sibisubdiderat
491 1699 601 1748 moribus
617 1699 744 1763 ipsessuis,

133 1769 238 1835 Argenti
255 1771 298 1836 qui
313 1770 401 1837 pondo
417 1770 502 1819 decem
518 1770 576 1819 dant
592 1771 701 1836 quinque
717 1770 818 1828 metalli,

181 1840 296 1890 Alterius
307 1842 399 1909 sprevit
415 1858 473 1890 cum
487 1841 721 1891 totidemffamulis:

133 1915 225 1961 Rerum
241 1926 397 1983 contemptus
413 1913 472 1961 facit
488 1913 553 1963 hunc
569 1913 646 1962 ditem
662 1914 714 1962 sine
730 1929 812 1972 censu,
861 1928 882 1972 65

182 1986 214 2032 Et
230 1984 282 2033 sine
298 1985 417 2034 vernaclis
433 1986 505 2052 plena
520 1986 609 2035 domus
625 1984 732 2043 famulis

134 2056 247 2127 Tessalus
262 2056 293 2105 ad
309 2058 406 2105 Pirrum
422 2057 528 2124 suscepit
544 2057 574 2106 ab
587 2053 651 2106 'urbe
666 2056 814 2124 profectum,

182 2128 282 2177 Nomen
299 2129 385 2178 Cineas
402 2128 506 2194 hospitis
523 2129 595 2178 huius
612 2137 670 2188 erat,

134 2198 182 2248 Hic
198 2199 332 2268 Epicureus
348 2195 484 2269 disciplinis
500 2199 637 2249 cumulatus

182 2271 251 2319 Vana
267 2272 393 2322 confidens
407 2272 479 2320 affuit
494 2272 639 2339 insophia;

133 2344 181 2390 Iste
197 2342 332 2408 voluptatis
349 2360 420 2392 causa
432 2343 525 2393 debere
540 2343 644 2393 docebat
718 2359 720 2364 ’

182 2413 275 2462 Cuncta
291 2416 369 2481 magis
386 2414 447 2474 fieri,
464 2416 541 2464 maius
555 2415 584 2464 id
600 2432 651 2463 esse
667 2415 771 2463 bonum:
788 2445 789 2448 =

133 2487 193 2534 Non
208 2487 292 2551 potuit
307 2487 401 2535 fatuam
415 2487 509 2552 legatus
525 2486 588 2535 ferre
605 2487 725 2552 sophiam,

183 2556 229 2605 Sed
247 2559 321 2607 suasit
338 2559 407 2607 Pirro
424 2575 476 2607 non
491 2558 606 2607 adhibere
621 2557 704 2617 fidem,

96 2727 117 2765 48
130 2723 223 2767 (curi).(us)
235 2735 267 2759 ras.
316 2736 338 2767 70
350 2724 409 2768 v(ana)
421 2726 450 2759 aix
462 2724 492 2768 legi
500 2731 559 2769 potest.
