2068 3216
340 210 374 243 DE
390 208 598 243 uruourmrruus
613 195 644 243 H.
662 195 676 243 6

200 340 266 389 Nam
282 338 395 387 Cimbros
412 338 499 386 consul
514 338 648 404 perculerat
665 338 774 397 Marius余

151 411 185 460 At
202 411 383 459 Minturnenses
401 409 472 459 Sillae
486 409 544 458 licet
559 425 625 458 arma
640 421 764 475 paventes,

200 483 321 548 Magnum
336 492 482 530 conservant
497 481 647 530 incolomem
663 482 777 530 Marium.

151 554 276 604 Adversus
293 553 415 619 quosdam
430 552 511 618 rigido
528 552 623 601 dicente
640 553 741 614 Catone,

199 626 303 675 Fervens
320 624 413 674 invidia
429 625 515 674 Caesar
531 624 557 672 in
572 624 638 673 hunc
653 624 736 684 nimia,

150 696 224 746 Iussit
238 696 320 745 lictori
335 696 481 763 prudentem
496 712 589 745 carcere
605 695 693 756 claudi,

199 769 282 831 Quem
297 784 349 816 non
364 768 495 833 proposito
512 769 566 835 quit
582 784 708 817 removere
724 784 786 817 suo:

150 841 223 889 Hunc
240 840 349 905 sequitur
364 850 432 888 totus
449 839 570 888 constanti
586 838 660 888 corde
676 849 781 899 senatus,

198 912 262 960 Cum
277 911 342 960 iusto
360 910 468 977 gaudens
484 923 552 959 antra
568 910 649 959 subire
664 911 737 960 viro:

148 984 186 1032 Ira
202 982 270 1031 ducis
287 983 367 1042 cessit,
383 993 481 1048 patrum
496 982 558 1031 hanc
574 983 708 1031 reverentia
724 982 798 1042 flexit,

197 1056 277 1103 Patres
294 1055 405 1103 maiestas
421 1054 558 1119 atqueviri
573 1054 690 1121 probitas.

148 1126 232 1186 Messi,
248 1126 355 1175 Florales
371 1126 443 1174 ludos
459 1125 543 1174 aedilis
559 1125 647 1191 agebas

197 1199 372 1265 Spectatorque
388 1198 448 1246 Cato
465 1209 565 1247 venerat
581 1199 607 1245 in
622 1197 734 1247 theatro:

147 1269 215 1319 Illius
231 1270 322 1318 intuitu
337 1268 406 1336 plebs
423 1285 522 1318 exorare
537 1279 635 1318 veretur

196 1341 292 1391 Nudari
307 1342 402 1400 mimas,
418 1353 446 1389 ut
461 1340 540 1389 fuerat
556 1341 635 1401 solita,

148 1414 181 1462 Ut
198 1413 259 1461 Cato
276 1413 396 1478 cognovit
411 1428 455 1480 per
471 1413 585 1472 amicum,
602 1423 689 1479 sponte
705 1413 802 1461 recessit

195 1485 339 1533 Permittens
355 1484 451 1551 populo
468 1484 552 1533 ludere
567 1500 636 1533 more
652 1501 714 1533 suo:

146 1556 244 1621 Ingenti
259 1556 367 1623 populus
383 1556 471 1622 plausu
486 1556 621 1623 affectuque
637 1568 734 1605 secutus

195 1627 234 1676 llli
249 1628 304 1693 plus
319 1628 363 1675 uni
379 1644 454 1694 quam
469 1627 516 1676 sibi
531 1627 682 1687 contribuit余

146 1699 270 1748 Omnibus
286 1699 344 1747 huic
359 1700 467 1747 numeris
483 1699 569 1748 tribuit
584 1699 724 1765 plenissima
739 1700 832 1759 Virtus,

194 1771 262 1820 Civis
278 1770 419 1819 Aristotelis
435 1771 456 1819 si
472 1771 543 1820 datur
557 1783 608 1819 arte
624 1771 712 1830 bonus,

145 1841 276 1891 Describas
292 1853 320 1890 ut
336 1858 394 1891 eum
409 1842 455 1891 sub
471 1843 572 1891 nomine
587 1843 639 1890 iure
656 1842 764 1903 Catonis,

194 1914 311 1963 Obrimus
327 1925 364 1962 est
379 1914 440 1963 civis
456 1914 497 1962 cui
513 1914 574 1963 bene
590 1914 739 1980 congruerit.

145 1986 260 2035 Armodii
276 1995 380 2034 statuam
395 2001 508 2034 necnon
523 1997 547 2034 et
563 1985 731 2052 Aristigionis,

194 2058 303 2123 Utraque
319 2073 381 2123 quae
396 2056 475 2106 fuerat
490 2056 570 2106 fusilis
586 2073 640 2106 aere
655 2074 725 2117 cavo,

145 2130 237 2178 Xerxes
254 2128 357 2177 devictis
373 2145 457 2177 secum
472 2128 585 2195 deportat
600 2128 712 2188 Athenis,

194 2201 237 2249 Hii
253 2216 312 2265 quas
328 2217 342 2248 a
358 2200 422 2249 sevis
437 2212 564 2249 aetuerant
579 2200 704 2260 dominis余

145 2273 231 2321 Postea
246 2287 289 2320 rex
304 2281 393 2319 statuas
411 2271 525 2321 Seleucus
541 2273 593 2339 ipse
609 2283 724 2339 reportat,

193 2343 346 2407 Consignans
362 2343 419 2392 urbi
434 2344 504 2392 cuius
520 2355 588 2392 erant
602 2344 733 2410 propriae余

143 2414 313 2464 Pulvinaribus
330 2414 356 2462 in
372 2415 444 2464 sacris
461 2415 553 2464 Rhodii
568 2430 681 2482 posuere,

192 2487 387 2552 Deportarentur
402 2487 463 2536 dum
477 2502 522 2554 per
538 2503 580 2536 eos
596 2488 704 2552 patriae:

143 2558 192 2608 Hic
207 2558 288 2606 honor
304 2557 369 2606 haud
384 2558 431 2607 vili
445 2570 579 2624 praestatur
595 2559 712 2618 materiei,

105 2724 128 2768 64
136 2724 212 2768 (h)un(c)
219 2726 235 2758 in
243 2735 275 2757 ras.
323 2723 345 2766 76
356 2725 471 2767 permittens:
484 2734 491 2760 t
501 2732 580 2770 suprascr.
629 2737 650 2769 79
661 2726 713 2760 huic:
728 2737 741 2759 u
751 2732 830 2770 suprascr.
