<?xml version="1.0" encoding="UTF-8"?>
<!DOCTYPE html PUBLIC "-//W3C//DTD XHTML 1.0 Transitional//EN"
    "http://www.w3.org/TR/xhtml1/DTD/xhtml1-transitional.dtd">
<html xmlns="http://www.w3.org/1999/xhtml" xml:lang="en" lang="en">
 <head>
  <title>
</title>
<meta http-equiv="Content-Type" content="text/html;charset=utf-8" />
  <meta name='ocr-system' content='tesseract 3.04.00' />
  <meta name='ocr-capabilities' content='ocr_page ocr_carea ocr_par ocr_line ocrx_word'/>
</head>
<body>
  <div class='ocr_page' id='page_1' title='image "MN40034ucmf_3_0305.png"; bbox 0 0 2068 3216; ppageno 0'>
   <div class='ocr_carea' id='block_1_1' title="bbox 222 161 810 293">
    <p class='ocr_par' dir='ltr' id='par_1_1' title="bbox 222 161 810 293">
     <span class='ocr_line' id='line_1_1' title="bbox 222 161 269 203; baseline 0 0"><span class='ocrx_word' id='word_1_1' title='bbox 222 161 269 203; x_wconf 88' lang='lat'>228</span> 
     </span>
     <span class='ocr_line' id='line_1_2' title="bbox 340 232 810 293; baseline 0.009 -16"><span class='ocrx_word' id='word_1_2' title='bbox 340 244 374 277; x_wconf 84' lang='lat' dir='ltr'>DE</span> <span class='ocrx_word' id='word_1_3' title='bbox 390 244 596 278; x_wconf 75' lang='lat' dir='ltr'>Mauoaaaruraus</span> <span class='ocrx_word' id='word_1_4' title='bbox 613 232 657 279; x_wconf 88' lang='lat' dir='ltr'>IX.</span> <span class='ocrx_word' id='word_1_5' title='bbox 678 248 688 293; x_wconf 81' lang='lat'>3</span> <span class='ocrx_word' id='word_1_6' title='bbox 711 261 720 268; x_wconf 96' lang='lat'><em>-</em></span> <span class='ocrx_word' id='word_1_7' title='bbox 739 233 810 292; x_wconf 64' lang='lat' dir='ltr'>Dea</span> 
     </span>
    </p>
   </div>
   <div class='ocr_carea' id='block_1_2' title="bbox 221 370 845 512">
    <p class='ocr_par' dir='ltr' id='par_1_2' title="bbox 221 370 845 512">
     <span class='ocr_line' id='line_1_3' title="bbox 221 370 845 440; baseline 0.01 -22"><span class='ocrx_word' id='word_1_8' title='bbox 221 370 281 419; x_wconf 90' lang='lat' dir='ltr'>Eius</span> <span class='ocrx_word' id='word_1_9' title='bbox 298 371 370 420; x_wconf 86' lang='lat' dir='ltr'>babet</span> <span class='ocrx_word' id='word_1_10' title='bbox 387 383 490 419; x_wconf 86' lang='lat' dir='ltr'>statuam</span> <span class='ocrx_word' id='word_1_11' title='bbox 505 372 609 421; x_wconf 90' lang='lat' dir='ltr'>Babilon</span> <span class='ocrx_word' id='word_1_12' title='bbox 625 389 691 421; x_wconf 93' lang='lat' dir='ltr'>nunc</span> <span class='ocrx_word' id='word_1_13' title='bbox 707 374 845 440; x_wconf 85' lang='lat' dir='ltr'>effigiatam,</span> 
     </span>
     <span class='ocr_line' id='line_1_4' title="bbox 270 443 834 512; baseline 0.009 -22"><span class='ocrx_word' id='word_1_14' title='bbox 270 444 326 491; x_wconf 92' lang='lat' dir='ltr'>Hoc</span> <span class='ocrx_word' id='word_1_15' title='bbox 342 443 425 491; x_wconf 87' lang='lat' dir='ltr'>habitu</span> <span class='ocrx_word' id='word_1_16' title='bbox 443 443 532 492; x_wconf 86' lang='lat' dir='ltr'>mulier</span> <span class='ocrx_word' id='word_1_17' title='bbox 546 461 597 510; x_wconf 85' lang='lat' dir='ltr'>quo</span> <span class='ocrx_word' id='word_1_18' title='bbox 613 445 663 494; x_wconf 91' lang='lat' dir='ltr'>fera</span> <span class='ocrx_word' id='word_1_19' title='bbox 676 447 757 512; x_wconf 58' lang='lat' dir='ltr'>‘caepit</span> <span class='ocrx_word' id='word_1_20' title='bbox 774 463 834 495; x_wconf 89' lang='lat' dir='ltr'>eam.</span> 
     </span>
    </p>
   </div>
   <div class='ocr_carea' id='block_1_3' title="bbox 469 584 683 755">
    <p class='ocr_par' dir='ltr' id='par_1_3' title="bbox 469 584 683 755">
     <span class='ocr_line' id='line_1_5' title="bbox 469 584 683 629; baseline 0.009 -2"><span class='ocrx_word' id='word_1_21' title='bbox 469 585 512 627; x_wconf 93' lang='lat' dir='ltr'>DE</span> <span class='ocrx_word' id='word_1_22' title='bbox 532 584 683 629; x_wconf 79' lang='lat' dir='ltr'><strong>AVARICIA</strong></span> 
     </span>
     <span class='ocr_line' id='line_1_6' title="bbox 564 712 580 755; baseline 0 0"><span class='ocrx_word' id='word_1_23' title='bbox 564 712 580 755; x_wconf 81' lang='lat'>4</span> 
     </span>
    </p>
   </div>
   <div class='ocr_carea' id='block_1_4' title="bbox 218 804 981 2660">
    <p class='ocr_par' dir='ltr' id='par_1_4' title="bbox 218 804 981 2660">
     <span class='ocr_line' id='line_1_7' title="bbox 220 804 718 871; baseline 0.004 -19"><span class='ocrx_word' id='word_1_24' title='bbox 220 805 286 852; x_wconf 82' lang='lat' dir='ltr'><strong>Fecit</strong></span> <span class='ocrx_word' id='word_1_25' title='bbox 302 804 327 852; x_wconf 92' lang='lat' dir='ltr'>in</span> <span class='ocrx_word' id='word_1_26' title='bbox 343 804 415 852; x_wconf 87' lang='lat' dir='ltr'>Eolia</span> <span class='ocrx_word' id='word_1_27' title='bbox 430 815 602 852; x_wconf 90' lang='lat' dir='ltr'>testamentum</span> <span class='ocrx_word' id='word_1_28' title='bbox 618 806 718 871; x_wconf 78' lang='lat' dir='ltr'><strong>regione</strong></span> 
     </span>
     <span class='ocr_line' id='line_1_8' title="bbox 269 874 768 944; baseline 0.002 -20"><span class='ocrx_word' id='word_1_29' title='bbox 269 875 316 925; x_wconf 84' lang='lat' dir='ltr'>Sed</span> <span class='ocrx_word' id='word_1_30' title='bbox 331 874 404 924; x_wconf 79' lang='lat' dir='ltr'><strong>fallax</strong></span> <span class='ocrx_word' id='word_1_31' title='bbox 419 875 520 940; x_wconf 89' lang='lat' dir='ltr'>quidam</span> <span class='ocrx_word' id='word_1_32' title='bbox 535 876 626 925; x_wconf 90' lang='lat' dir='ltr'>Basilio</span> <span class='ocrx_word' id='word_1_33' title='bbox 642 877 768 944; x_wconf 89' lang='lat' dir='ltr'>locuples;</span> 
     </span>
     <span class='ocr_line' id='line_1_9' title="bbox 221 947 981 1013; baseline 0.007 -18"><span class='ocrx_word' id='word_1_34' title='bbox 221 947 328 996; x_wconf 82' lang='lat' dir='ltr'>Heredes</span> <span class='ocrx_word' id='word_1_35' title='bbox 345 947 440 1012; x_wconf 77' lang='lat' dir='ltr'>scripsit</span> <span class='ocrx_word' id='word_1_36' title='bbox 450 964 511 1013; x_wconf 89' lang='lat' dir='ltr'>quos</span> <span class='ocrx_word' id='word_1_37' title='bbox 529 964 554 996; x_wconf 91' lang='lat' dir='ltr'>se</span> <span class='ocrx_word' id='word_1_38' title='bbox 569 958 641 996; x_wconf 86' lang='lat' dir='ltr'>testes</span> <span class='ocrx_word' id='word_1_39' title='bbox 659 947 714 997; x_wconf 89' lang='lat' dir='ltr'>dare</span> <span class='ocrx_word' id='word_1_40' title='bbox 731 948 792 996; x_wconf 86' lang='lat' dir='ltr'>dixit</span> <span class='ocrx_word' id='word_1_41' title='bbox 933 955 946 991; x_wconf 86' lang='lat' dir='ltr'>f.</span> <span class='ocrx_word' id='word_1_42' title='bbox 958 956 981 1000; x_wconf 75' lang='lat'>96</span> 
     </span>
     <span class='ocr_line' id='line_1_10' title="bbox 268 1018 701 1079; baseline 0 -11"><span class='ocrx_word' id='word_1_43' title='bbox 268 1021 297 1068; x_wconf 89' lang='lat' dir='ltr'>ln</span> <span class='ocrx_word' id='word_1_44' title='bbox 312 1020 449 1067; x_wconf 80' lang='lat' dir='ltr'>testamenti</span> <span class='ocrx_word' id='word_1_45' title='bbox 464 1018 580 1068; x_wconf 79' lang='lat' dir='ltr'>falsidicis</span> <span class='ocrx_word' id='word_1_46' title='bbox 596 1019 701 1079; x_wconf 88' lang='lat' dir='ltr'>tabulis;</span> 
     </span>
     <span class='ocr_line' id='line_1_11' title="bbox 220 1089 856 1150; baseline -0.002 -11"><span class='ocrx_word' id='word_1_47' title='bbox 220 1091 289 1139; x_wconf 91' lang='lat' dir='ltr'>Unus</span> <span class='ocrx_word' id='word_1_48' title='bbox 306 1101 356 1139; x_wconf 87' lang='lat' dir='ltr'>erat</span> <span class='ocrx_word' id='word_1_49' title='bbox 373 1092 480 1150; x_wconf 82' lang='lat' dir='ltr'>Crassus,</span> <span class='ocrx_word' id='word_1_50' title='bbox 496 1089 541 1139; x_wconf 89' lang='lat' dir='ltr'>nec</span> <span class='ocrx_word' id='word_1_51' title='bbox 557 1107 609 1139; x_wconf 91' lang='lat' dir='ltr'>non</span> <span class='ocrx_word' id='word_1_52' title='bbox 626 1091 772 1140; x_wconf 81' lang='lat' dir='ltr'>Hortensius</span> <span class='ocrx_word' id='word_1_53' title='bbox 789 1090 856 1149; x_wconf 90' lang='lat' dir='ltr'>alter,</span> 
     </span>
     <span class='ocr_line' id='line_1_12' title="bbox 268 1161 759 1228; baseline 0 -17"><span class='ocrx_word' id='word_1_54' title='bbox 268 1162 376 1211; x_wconf 88' lang='lat' dir='ltr'>Illustres</span> <span class='ocrx_word' id='word_1_55' title='bbox 392 1161 465 1211; x_wconf 90' lang='lat' dir='ltr'>ambo</span> <span class='ocrx_word' id='word_1_56' title='bbox 482 1163 679 1228; x_wconf 83' lang='lat' dir='ltr'>magnanimique</span> <span class='ocrx_word' id='word_1_57' title='bbox 695 1163 759 1221; x_wconf 89' lang='lat' dir='ltr'>viri,</span> 
     </span>
     <span class='ocr_line' id='line_1_13' title="bbox 219 1233 745 1353; baseline 0 -71"><span class='ocrx_word' id='word_1_58' title='bbox 219 1233 333 1282; x_wconf 82' lang='lat' dir='ltr'>Aeoliam</span> <span class='ocrx_word' id='word_1_59' title='bbox 348 1251 416 1282; x_wconf 87' lang='lat' dir='ltr'>caeca</span> <span class='ocrx_word' id='word_1_60' title='bbox 426 1234 526 1353; x_wconf 87' lang='lat' dir='ltr'>lpeciere</span> <span class='ocrx_word' id='word_1_61' title='bbox 542 1234 626 1300; x_wconf 90' lang='lat' dir='ltr'>cupidi</span> <span class='ocrx_word' id='word_1_62' title='bbox 627 1251 657 1283; x_wconf 91' lang='lat' dir='ltr'>ne</span> <span class='ocrx_word' id='word_1_63' title='bbox 673 1235 745 1302; x_wconf 90' lang='lat' dir='ltr'>capti,</span> 
     </span>
     <span class='ocr_line' id='line_1_14' title="bbox 268 1301 730 1373; baseline 0.002 -20"><span class='ocrx_word' id='word_1_64' title='bbox 268 1306 360 1354; x_wconf 90' lang='lat' dir='ltr'>Duml</span> <span class='ocrx_word' id='word_1_65' title='bbox 362 1301 425 1372; x_wconf 82' lang='lat' dir='ltr'>oeup</span> <span class='ocrx_word' id='word_1_66' title='bbox 426 1305 495 1354; x_wconf 86' lang='lat' dir='ltr'>letari</span> <span class='ocrx_word' id='word_1_67' title='bbox 511 1305 604 1354; x_wconf 88' lang='lat' dir='ltr'>divitiis</span> <span class='ocrx_word' id='word_1_68' title='bbox 621 1306 730 1373; x_wconf 84' lang='lat' dir='ltr'>cupiunt,</span> 
     </span>
     <span class='ocr_line' id='line_1_15' title="bbox 221 1376 871 1457; baseline 0.002 -33"><span class='ocrx_word' id='word_1_69' title='bbox 221 1377 252 1424; x_wconf 88' lang='lat' dir='ltr'>Et</span> <span class='ocrx_word' id='word_1_70' title='bbox 268 1377 311 1444; x_wconf 92' lang='lat' dir='ltr'>qui</span> <span class='ocrx_word' id='word_1_71' title='bbox 328 1377 461 1426; x_wconf 86' lang='lat' dir='ltr'>debuerant</span> <span class='ocrx_word' id='word_1_72' title='bbox 476 1377 588 1426; x_wconf 89' lang='lat' dir='ltr'>fraudem</span> <span class='ocrx_word' id='word_1_73' title='bbox 604 1378 717 1426; x_wconf 88' lang='lat' dir='ltr'>damnare</span> <span class='ocrx_word' id='word_1_74' title='bbox 733 1376 871 1457; x_wconf 84' lang='lat' dir='ltr'>nefandam,</span> 
     </span>
     <span class='ocr_line' id='line_1_16' title="bbox 241 1446 712 1514; baseline -0.002 -15.941"><span class='ocrx_word' id='word_1_75' title='bbox 241 1449 496 1514; x_wconf 85' lang='lat' dir='ltr'>Augmentaverunt</span> <span class='ocrx_word' id='word_1_76' title='bbox 512 1446 646 1498; x_wconf 88' lang='lat' dir='ltr'>ambitione</span> <span class='ocrx_word' id='word_1_77' title='bbox 663 1466 712 1498; x_wconf 87' lang='lat' dir='ltr'>sua.</span> 
     </span>
     <span class='ocr_line' id='line_1_17' title="bbox 220 1519 842 1587; baseline -0.005 -17"><span class='ocrx_word' id='word_1_78' title='bbox 220 1519 798 1587; x_wconf 50' lang='grc'><strong>8111106111,6111111111111111111111</strong></span> <span class='ocrx_word' id='word_1_79' title='bbox 840 1521 842 1523; x_wconf 80' lang='grc'><strong>’</strong></span> 
     </span>
     <span class='ocr_line' id='line_1_18' title="bbox 268 1591 808 1658; baseline 0.002 -19"><span class='ocrx_word' id='word_1_80' title='bbox 268 1593 302 1640; x_wconf 92' lang='lat' dir='ltr'>Ut</span> <span class='ocrx_word' id='word_1_81' title='bbox 318 1603 342 1640; x_wconf 89' lang='lat' dir='ltr'>te</span> <span class='ocrx_word' id='word_1_82' title='bbox 357 1592 540 1641; x_wconf 83' lang='lat' dir='ltr'>confoderent</span> <span class='ocrx_word' id='word_1_83' title='bbox 534 1607 561 1640; x_wconf 89' lang='lat' dir='ltr'>m</span> <span class='ocrx_word' id='word_1_84' title='bbox 576 1592 688 1641; x_wconf 91' lang='lat' dir='ltr'>manibus</span> <span class='ocrx_word' id='word_1_85' title='bbox 705 1591 808 1658; x_wconf 82' lang='lat' dir='ltr'>gladiis:</span> 
     </span>
     <span class='ocr_line' id='line_1_19' title="bbox 221 1662 796 1729; baseline -0.002 -17"><span class='ocrx_word' id='word_1_86' title='bbox 221 1663 400 1729; x_wconf 86' lang='lat' dir='ltr'>Quinquagena</span> <span class='ocrx_word' id='word_1_87' title='bbox 415 1662 461 1712; x_wconf 90' lang='lat' dir='ltr'>tibi</span> <span class='ocrx_word' id='word_1_88' title='bbox 477 1664 588 1712; x_wconf 90' lang='lat' dir='ltr'>sestercia</span> <span class='ocrx_word' id='word_1_89' title='bbox 604 1664 709 1712; x_wconf 92' lang='lat' dir='ltr'>contulit</span> <span class='ocrx_word' id='word_1_90' title='bbox 724 1680 796 1723; x_wconf 89' lang='lat' dir='ltr'>unus,</span> 
     </span>
     <span class='ocr_line' id='line_1_20' title="bbox 267 1735 711 1801; baseline -0.005 -16"><span class='ocrx_word' id='word_1_91' title='bbox 267 1736 302 1785; x_wconf 91' lang='lat' dir='ltr'>At</span> <span class='ocrx_word' id='word_1_92' title='bbox 318 1736 441 1801; x_wconf 82' lang='lat' dir='ltr'>sexagenis</span> <span class='ocrx_word' id='word_1_93' title='bbox 459 1752 484 1784; x_wconf 89' lang='lat' dir='ltr'>se</span> <span class='ocrx_word' id='word_1_94' title='bbox 499 1735 598 1783; x_wconf 87' lang='lat' dir='ltr'>redimit</span> <span class='ocrx_word' id='word_1_95' title='bbox 614 1735 711 1794; x_wconf 79' lang='lat' dir='ltr'>socius3</span> 
     </span>
     <span class='ocr_line' id='line_1_21' title="bbox 221 1806 829 1866; baseline -0.003 -10"><span class='ocrx_word' id='word_1_96' title='bbox 221 1807 246 1856; x_wconf 90' lang='lat' dir='ltr'>Si</span> <span class='ocrx_word' id='word_1_97' title='bbox 261 1806 306 1856; x_wconf 93' lang='lat' dir='ltr'>tibi</span> <span class='ocrx_word' id='word_1_98' title='bbox 322 1807 473 1866; x_wconf 90' lang='lat' dir='ltr'>tantundem,</span> <span class='ocrx_word' id='word_1_99' title='bbox 490 1807 565 1866; x_wconf 86' lang='lat' dir='ltr'>Cassi,</span> <span class='ocrx_word' id='word_1_100' title='bbox 582 1806 715 1856; x_wconf 85' lang='lat' dir='ltr'>concedere</span> <span class='ocrx_word' id='word_1_101' title='bbox 730 1806 829 1865; x_wconf 85' lang='lat' dir='ltr'>vellent,</span> 
     </span>
     <span class='ocr_line' id='line_1_22' title="bbox 268 1877 828 1944; baseline -0.002 -17"><span class='ocrx_word' id='word_1_102' title='bbox 268 1878 356 1938; x_wconf 87' lang='lat' dir='ltr'>Credo,</span> <span class='ocrx_word' id='word_1_103' title='bbox 373 1878 498 1944; x_wconf 87' lang='lat' dir='ltr'>praeberes</span> <span class='ocrx_word' id='word_1_104' title='bbox 515 1878 607 1944; x_wconf 85' lang='lat' dir='ltr'>absque</span> <span class='ocrx_word' id='word_1_105' title='bbox 622 1894 692 1926; x_wconf 88' lang='lat' dir='ltr'>mora</span> <span class='ocrx_word' id='word_1_106' title='bbox 707 1877 828 1943; x_wconf 89' lang='lat' dir='ltr'>iugulum.</span> 
     </span>
     <span class='ocr_line' id='line_1_23' title="bbox 220 1949 797 2017; baseline -0.005 -18"><span class='ocrx_word' id='word_1_107' title='bbox 220 1950 348 2017; x_wconf 84' lang='lat' dir='ltr'>Septimuli</span> <span class='ocrx_word' id='word_1_108' title='bbox 363 1950 459 1999; x_wconf 89' lang='lat' dir='ltr'>funesta</span> <span class='ocrx_word' id='word_1_109' title='bbox 474 1949 550 1999; x_wconf 88' lang='lat' dir='ltr'>fames</span> <span class='ocrx_word' id='word_1_110' title='bbox 565 1949 706 2016; x_wconf 89' lang='lat' dir='ltr'>praecordia</span> <span class='ocrx_word' id='word_1_111' title='bbox 721 1949 797 2009; x_wconf 84' lang='lat' dir='ltr'>frixit,</span> 
     </span>
     <span class='ocr_line' id='line_1_24' title="bbox 268 2021 774 2088; baseline -0.004 -17"><span class='ocrx_word' id='word_1_112' title='bbox 268 2022 353 2071; x_wconf 89' lang='lat' dir='ltr'>Tristis</span> <span class='ocrx_word' id='word_1_113' title='bbox 369 2022 481 2071; x_wconf 86' lang='lat' dir='ltr'>avaritiae</span> <span class='ocrx_word' id='word_1_114' title='bbox 497 2021 593 2070; x_wconf 89' lang='lat' dir='ltr'>credere</span> <span class='ocrx_word' id='word_1_115' title='bbox 608 2022 651 2071; x_wconf 83' lang='lat' dir='ltr'>vix</span> <span class='ocrx_word' id='word_1_116' title='bbox 665 2022 774 2088; x_wconf 90' lang='lat' dir='ltr'>poteris;</span> 
     </span>
     <span class='ocr_line' id='line_1_25' title="bbox 219 2091 878 2161; baseline -0.002 -20"><span class='ocrx_word' id='word_1_117' title='bbox 219 2094 268 2142; x_wconf 89' lang='lat' dir='ltr'>Hic</span> <span class='ocrx_word' id='word_1_118' title='bbox 283 2105 356 2160; x_wconf 86' lang='lat' dir='ltr'>caput</span> <span class='ocrx_word' id='word_1_119' title='bbox 371 2093 493 2143; x_wconf 89' lang='lat' dir='ltr'>abscisum</span> <span class='ocrx_word' id='word_1_120' title='bbox 509 2093 600 2141; x_wconf 87' lang='lat' dir='ltr'>Grachi</span> <span class='ocrx_word' id='word_1_121' title='bbox 615 2093 668 2161; x_wconf 89' lang='lat' dir='ltr'>pilo</span> <span class='ocrx_word' id='word_1_122' title='bbox 685 2109 785 2159; x_wconf 91' lang='lat' dir='ltr'>quoque</span> <span class='ocrx_word' id='word_1_123' title='bbox 801 2091 878 2150; x_wconf 80' lang='lat' dir='ltr'>fixum</span> 
     </span>
     <span class='ocr_line' id='line_1_26' title="bbox 268 2163 819 2232; baseline -0.004 -18"><span class='ocrx_word' id='word_1_124' title='bbox 268 2165 361 2214; x_wconf 89' lang='lat' dir='ltr'>Urbem</span> <span class='ocrx_word' id='word_1_125' title='bbox 375 2180 419 2232; x_wconf 86' lang='lat' dir='ltr'>per</span> <span class='ocrx_word' id='word_1_126' title='bbox 435 2164 541 2213; x_wconf 89' lang='lat' dir='ltr'>mediam</span> <span class='ocrx_word' id='word_1_127' title='bbox 556 2164 642 2213; x_wconf 85' lang='lat' dir='ltr'>ferrel</span> <span class='ocrx_word' id='word_1_128' title='bbox 634 2163 712 2213; x_wconf 87' lang='lat' dir='ltr'>libens</span> <span class='ocrx_word' id='word_1_129' title='bbox 728 2165 819 2231; x_wconf 85' lang='lat' dir='ltr'>potuit,</span> 
     </span>
     <span class='ocr_line' id='line_1_27' title="bbox 219 2227 777 2304; baseline 0 -20"><span class='ocrx_word' id='word_1_130' title='bbox 219 2227 280 2285; x_wconf 90' lang='lat' dir='ltr'>Esto</span> <span class='ocrx_word' id='word_1_131' title='bbox 297 2252 457 2304; x_wconf 87' lang='lat' dir='ltr'>repensurum</span> <span class='ocrx_word' id='word_1_132' title='bbox 471 2237 560 2284; x_wconf 86' lang='lat' dir='ltr'>iurarat</span> <span class='ocrx_word' id='word_1_133' title='bbox 576 2236 692 2302; x_wconf 90' lang='lat' dir='ltr'>Opimius</span> <span class='ocrx_word' id='word_1_134' title='bbox 708 2251 777 2295; x_wconf 89' lang='lat' dir='ltr'>auro,</span> 
     </span>
     <span class='ocr_line' id='line_1_28' title="bbox 268 2307 842 2373; baseline -0.004 -16"><span class='ocrx_word' id='word_1_135' title='bbox 268 2308 378 2357; x_wconf 90' lang='lat' dir='ltr'>Grachus</span> <span class='ocrx_word' id='word_1_136' title='bbox 396 2307 524 2373; x_wconf 85' lang='lat' dir='ltr'>Septimuli</span> <span class='ocrx_word' id='word_1_137' title='bbox 541 2323 650 2356; x_wconf 90' lang='lat' dir='ltr'>summus</span> <span class='ocrx_word' id='word_1_138' title='bbox 666 2308 758 2356; x_wconf 88' lang='lat' dir='ltr'>amicus</span> <span class='ocrx_word' id='word_1_139' title='bbox 775 2319 842 2366; x_wconf 89' lang='lat' dir='ltr'>erat;</span> 
     </span>
     <span class='ocr_line' id='line_1_29' title="bbox 218 2378 889 2445; baseline -0.003 -18"><span class='ocrx_word' id='word_1_140' title='bbox 218 2380 303 2428; x_wconf 85' lang='lat' dir='ltr'>Fertur</span> <span class='ocrx_word' id='word_1_141' title='bbox 319 2391 343 2428; x_wconf 88' lang='lat' dir='ltr'>et</span> <span class='ocrx_word' id='word_1_142' title='bbox 359 2380 407 2428; x_wconf 89' lang='lat' dir='ltr'>hoc</span> <span class='ocrx_word' id='word_1_143' title='bbox 421 2378 526 2445; x_wconf 90' lang='lat' dir='ltr'>plumbo</span> <span class='ocrx_word' id='word_1_144' title='bbox 543 2379 642 2428; x_wconf 90' lang='lat' dir='ltr'>demens</span> <span class='ocrx_word' id='word_1_145' title='bbox 658 2380 795 2444; x_wconf 91' lang='lat' dir='ltr'>implessel</span> <span class='ocrx_word' id='word_1_146' title='bbox 796 2380 889 2444; x_wconf 88' lang='lat' dir='ltr'>iquato,</span> 
     </span>
     <span class='ocr_line' id='line_1_30' title="bbox 266 2447 762 2517; baseline -0.004 -16"><span class='ocrx_word' id='word_1_147' title='bbox 266 2447 405 2517; x_wconf 89' lang='lat' dir='ltr'>Inpositum</span> <span class='ocrx_word' id='word_1_148' title='bbox 420 2451 488 2500; x_wconf 87' lang='lat' dir='ltr'>libris</span> <span class='ocrx_word' id='word_1_149' title='bbox 505 2466 556 2515; x_wconf 89' lang='lat' dir='ltr'>quo</span> <span class='ocrx_word' id='word_1_150' title='bbox 572 2451 670 2516; x_wconf 80' lang='lat' dir='ltr'>gravius</span> <span class='ocrx_word' id='word_1_151' title='bbox 686 2450 762 2500; x_wconf 86' lang='lat' dir='ltr'>fieret.</span> 
     </span>
     <span class='ocr_line' id='line_1_31' title="bbox 219 2522 788 2589; baseline -0.004 -18"><span class='ocrx_word' id='word_1_152' title='bbox 219 2522 282 2571; x_wconf 88' lang='lat' dir='ltr'>Mira</span> <span class='ocrx_word' id='word_1_153' title='bbox 298 2523 388 2589; x_wconf 93' lang='lat' dir='ltr'>cupido</span> <span class='ocrx_word' id='word_1_154' title='bbox 404 2522 452 2571; x_wconf 89' lang='lat' dir='ltr'>fuit</span> <span class='ocrx_word' id='word_1_155' title='bbox 468 2522 531 2587; x_wconf 89' lang='lat' dir='ltr'>regis</span> <span class='ocrx_word' id='word_1_156' title='bbox 548 2522 625 2588; x_wconf 89' lang='lat' dir='ltr'>Ciprii</span> <span class='ocrx_word' id='word_1_157' title='bbox 641 2522 788 2580; x_wconf 89' lang='lat' dir='ltr'>Ptholomei,</span> 
     </span>
     <span class='ocr_line' id='line_1_32' title="bbox 267 2593 802 2660; baseline -0.002 -17"><span class='ocrx_word' id='word_1_158' title='bbox 267 2595 315 2643; x_wconf 93' lang='lat' dir='ltr'>Hic</span> <span class='ocrx_word' id='word_1_159' title='bbox 331 2595 454 2660; x_wconf 87' lang='lat' dir='ltr'>congessit</span> <span class='ocrx_word' id='word_1_160' title='bbox 469 2608 529 2659; x_wconf 91' lang='lat' dir='ltr'>opes</span> <span class='ocrx_word' id='word_1_161' title='bbox 546 2593 659 2643; x_wconf 89' lang='lat' dir='ltr'>sordibus</span> <span class='ocrx_word' id='word_1_162' title='bbox 676 2611 705 2643; x_wconf 85' lang='lat' dir='ltr'>ex</span> <span class='ocrx_word' id='word_1_163' title='bbox 720 2593 802 2653; x_wconf 86' lang='lat' dir='ltr'>variis,</span> 
     </span>
    </p>
   </div>
   <div class='ocr_carea' id='block_1_5' title="bbox 181 2760 700 2805">
    <p class='ocr_par' dir='ltr' id='par_1_5' title="bbox 181 2760 700 2805">
     <span class='ocr_line' id='line_1_33' title="bbox 181 2760 700 2805; baseline -0.002 -11"><span class='ocrx_word' id='word_1_164' title='bbox 181 2772 189 2804; x_wconf 78' lang='lat'>3</span> <span class='ocrx_word' id='word_1_165' title='bbox 202 2771 258 2805; x_wconf 84' lang='lat' dir='ltr'>quos:</span> <span class='ocrx_word' id='word_1_166' title='bbox 270 2771 278 2794; x_wconf 89' lang='lat' dir='ltr'>s</span> <span class='ocrx_word' id='word_1_167' title='bbox 290 2767 367 2804; x_wconf 76' lang='lat' dir='ltr'>suprascr.</span> <span class='ocrx_word' id='word_1_168' title='bbox 418 2771 435 2802; x_wconf 87' lang='lat'>15</span> <span class='ocrx_word' id='word_1_169' title='bbox 449 2760 502 2794; x_wconf 82' lang='lat' dir='ltr'>cassi:</span> <span class='ocrx_word' id='word_1_170' title='bbox 515 2772 526 2794; x_wconf 90' lang='lat' dir='ltr'>o</span> <span class='ocrx_word' id='word_1_171' title='bbox 537 2762 566 2804; x_wconf 75' lang='lat' dir='ltr'>rig¹</span> <span class='ocrx_word' id='word_1_172' title='bbox 578 2771 607 2794; x_wconf 75' lang='lat' dir='ltr'>aar.</span> <span class='ocrx_word' id='word_1_173' title='bbox 619 2766 700 2804; x_wconf 75' lang='lat' dir='ltr'>suprascr.</span> 
     </span>
    </p>
   </div>
   <div class='ocr_carea' id='block_1_6' title="bbox 0 0 1038 3216">
    <p class='ocr_par' dir='ltr' id='par_1_6' title="bbox 0 0 1038 3216">
     <span class='ocr_line' id='line_1_34' title="bbox 0 0 1038 3216; baseline 0 0"><span class='ocrx_word' id='word_1_174' title='bbox 0 0 1038 3216; x_wconf 95' lang='lat' dir='ltr'> </span> 
     </span>
    </p>
   </div>
  </div>
 </body>
</html>
