2068 3216
848 146 878 177 22

363 217 398 250 ou
414 215 623 250 unuounmumus
638 200 684 249 lX.
704 218 716 247 2
884 146 894 191 3

181 345 253 393 Eruit
268 344 327 393 huic
342 344 429 393 oculos
446 355 470 392 et
486 355 566 411 partes
582 344 694 410 corporis
711 360 797 393 onmes

229 416 312 465 Primo
329 416 484 475 comminuit,
500 415 558 465 hinc
574 415 657 481 gladio
673 416 790 483 perimit3

182 488 214 536 Et
229 499 261 547 te,
278 487 378 548 Pletori,
395 487 452 553 quia
469 488 590 554 supplicio
606 487 767 537 tremefactus

230 559 330 609 Corruis
346 558 472 619 exanimis,
488 559 561 610 belua
576 569 666 608 mactat
681 558 733 619 ibi3

181 631 281 681 Umbris
296 647 342 680 nec
358 629 433 679 Marii
449 630 589 681 sevissimus
604 628 646 680 ille
661 630 779 697 pepercit,

229 702 289 752 Eius
306 702 373 752 enim
388 702 481 751 cineres
497 704 561 752 eruit
576 720 590 752 a
606 702 704 751 tumulo

180 773 268 823 Amnis
285 786 309 823 et
324 774 351 822 in
367 773 463 822 Tiberis
480 774 579 824 sinuosa
594 773 723 823 volumina
739 774 831 834 mersit,
897 780 898 783 ’

230 847 262 895 Et
277 845 375 911 pridem
389 856 488 912 praetor
502 846 568 895 illius
585 846 711 895 extiterat:

181 918 273 984 Expers
290 917 393 966 seviciae
409 916 457 965 fuit
472 918 538 967 haud
554 917 648 966 Marius
663 917 779 977 furiosae,

230 989 305 1039 Cuius
321 987 415 1038 crudeli
430 989 539 1038 concidit
555 989 667 1056 imperio.

181 1060 275 1109 Censor
290 1078 333 1110 seu
349 1061 437 1109 consul
452 1059 532 1109 fuerat
548 1062 599 1127 qui,
616 1060 718 1109 nomine
735 1060 830 1120 Caesar,

228 1131 270 1181 Ad
286 1132 388 1181 bustum
402 1132 459 1181 vilis
476 1132 585 1181 caeditur
600 1132 641 1181 hic
657 1131 783 1191 hominis;

180 1204 213 1252 Et
228 1216 301 1271 caput
317 1203 440 1252 abscisum
455 1203 569 1253 manibus
586 1215 652 1253 tenet
668 1204 720 1269 ipse
736 1204 844 1253 cruentis

228 1275 341 1334 Antonii,
357 1275 416 1324 clari
432 1276 475 1342 qui
490 1274 539 1324 fuit
554 1275 656 1342 eloquii,

179 1348 209 1396 In
224 1363 307 1395 mensa
323 1346 430 1396 residens
446 1347 562 1396 convivia
578 1347 695 1412 sanguine
710 1346 802 1407 foedat,

227 1417 306 1484 quue
322 1418 366 1467 diu
382 1430 466 1467 versat.
478 1419 554 1468 verba
570 1417 675 1485 superba
690 1418 804 1484 loquens.

180 1489 224 1539 Nil
244 1490 322 1539 laudis
344 1490 509 1558 Damasippus
531 1489 605 1539 habet
624 1489 720 1539 feritate
741 1491 896 1540 redundans:

228 1563 295 1611 Inter
310 1578 435 1610 caesarum
451 1563 495 1627 qui
509 1561 635 1629 pecudum
650 1562 729 1629 capita

180 1634 293 1685 Cervices
309 1648 442 1701 procerum
457 1635 582 1683 Romanae
597 1633 688 1700 proicit
703 1632 780 1693 urbis

228 1704 320 1754 Polluit
335 1705 376 1754 hic
392 1705 480 1754 urbem
495 1704 609 1754 caedibus
626 1705 778 1765 innumeris;

179 1777 224 1826 Per
239 1776 330 1844 plateas
346 1788 463 1825 truncum
478 1776 537 1826 fecit
553 1788 647 1842 gestate
661 1777 758 1843 patiblo

229 1849 324 1915 Corpus
342 1848 469 1908 Carbonis,
485 1849 547 1898 civis
564 1848 703 1897 honorifici.

179 1919 286 1968 Atilium
301 1919 406 1969 stimulis
422 1932 513 1969 armata
529 1921 627 1969 reclusit
642 1920 719 1968 acutis
733 1956 735 1959 v
762 1961 764 1964 Α

227 1991 332 2040 interius
348 1991 402 2041 fixis
418 1992 506 2041 cellula
522 1992 604 2041 stricta
619 1992 701 2051 nimis,

179 2063 314 2111 Insonnem
328 2063 407 2128 longo
423 2064 512 2113 crutiat
529 2064 652 2128 Carthago
669 2062 765 2122 dolore,

228 2134 336 2183 Caedens
352 2135 480 2202 palpebras
497 2135 713 2202 multiplicansque
729 2135 810 2184 sudes.

179 2204 298 2255 Pontibus
315 2207 431 2255 extructis
448 2207 562 2256 Romano
578 2206 657 2255 milite
673 2207 770 2256 Poenos
823 2255 825 2257 .

228 2277 296 2326 Gelli
311 2277 448 2327 transduxit
463 2278 573 2327 Annibal
588 2278 666 2327 amnis
683 2294 766 2344 aquas,
828 2322 829 2325 ,

180 2348 297 2398 Constitit
313 2365 343 2397 ex
357 2366 446 2415 magna
462 2350 532 2399 cuius
548 2349 653 2398 victoria
668 2362 737 2417 parte

229 2420 327 2480 Sevitia‚
343 2421 406 2470 nulli
421 2436 519 2488 parcere
536 2422 597 2470 dum
612 2421 741 2481 meminit;

178 2490 249 2540 Idem
263 2507 324 2540 vero
340 2493 381 2541 via
396 2492 475 2542 fessos
492 2504 534 2542 aut
549 2492 614 2542 fasce
630 2493 732 2541 Latinos

227 2562 354 2623 Debilitat‚
371 2565 445 2613 caesis
461 2564 523 2613 falce
539 2564 632 2631 pedum
648 2564 741 2630 digitis,

143 2739 165 2770 40
177 2728 299 2773 (pe).(cudum)
311 2741 343 2764 ras.
392 2733 413 2771 48
425 2730 498 2765 caedens
510 2730 662 2774 multiplicansque
676 2730 727 2764 sudes
734 2730 756 2764 al.
764 2743 805 2765 aaran.
