2068 3216
318 218 352 251 DE
361 205 575 250 -Muuossmmuus
590 202 635 250 IV.
656 217 665 248 1

137 344 218 412 Scipio
235 345 274 393 vir
289 345 367 393 clarus
384 362 467 393 secum
481 361 635 410 magnusque
651 342 767 392 Metellus

184 415 316 466 Discordes
333 416 415 464 nimiis
431 416 559 465 extiterant
574 415 648 475 odiis,

137 488 286 538 Confoditur
301 487 385 554 gladio
401 488 499 536 recubat
515 488 576 537 dum
593 486 675 554 Scipio
692 497 776 546 strate,

185 562 231 619 Ha,
248 560 287 609 vir
302 557 454 625 magnificus,
470 559 497 607 in
511 559 619 627 propriis
635 558 735 618 laribus,

135 632 228 681 Audita
243 631 313 680 cuius
329 630 422 679 crudeli
437 642 517 679 morte
532 630 648 679 Metellus

185 702 282 752 Proruit
297 703 323 751 in
338 702 462 770 populum
476 701 614 751 vociferans
631 702 753 751 nimium:

137 775 261 824 «Moenia
277 776 410 833 Romanae,
426 774 500 834 cives,
516 774 584 822 urbis
601 774 718 833 cecidere,

185 847 307 895 Maximus
324 863 355 894 en
370 846 457 905 nostri,
472 849 519 911 pro
536 845 616 905 dolor,
632 846 733 905 interiit,

137 919 240 978 Currite,
257 918 349 985 quippe
365 934 422 966 suos
438 916 501 966 infra
516 917 566 966 ruit
580 917 622 966 ille
637 917 751 984 penates!

184 992 236 1039 Isto
252 997 304 1038 non
319 989 374 1038 ulto
390 1000 457 1037 tutus
474 989 520 1037 erit
536 989 591 1056 quis
607 989 685 1037 homo
701 989 736 1038 Ρ»

136 1061 308 1129 Praecepitque
324 1061 374 1110 suis
390 1061 641 1127 humerisimponere
656 1061 720 1109 natis

185 1133 264 1198 Ipsius
279 1132 405 1192 feretrum,
421 1132 477 1181 talia
494 1132 548 1197 quis
564 1132 655 1192 retulit,

137 1223 152 1252 <t
162 1206 226 1253 Estis
242 1205 330 1253 maiori
345 1221 397 1252 non
412 1204 516 1269 amplius
533 1202 665 1252 exhibituri

186 1276 290 1325 Meroris
306 1276 408 1343 plenum
422 1274 515 1324 funeris
531 1275 710 1341 obsequium».

137 1348 218 1397 Exilio
235 1348 322 1397 missus
338 1348 408 1407 alius,
424 1364 476 1395 non
491 1348 544 1406 iste,
561 1347 676 1396 Metellus

187 1419 313 1485 Spectabat
328 1419 401 1468 ludos
418 1418 539 1467 Trallibus
556 1419 582 1466 in
597 1419 701 1478 theatro,

138 1492 199 1540 Sunt
214 1491 293 1556 apices
309 1491 352 1539 lati
368 1490 415 1539 sibi
431 1506 488 1538 cum
503 1490 598 1557 populo
615 1490 739 1550 residenti,

186 1563 249 1625 Quis
266 1574 315 1611 erat
330 1562 461 1627 inscriptus
478 1562 544 1610 exilii
559 1562 668 1621 reditus3

136 1634 180 1682 llle
196 1634 256 1700 legit
272 1635 372 1683 missam
387 1633 430 1682 sed
446 1645 539 1682 secreto
556 1633 602 1682 sibi
618 1645 716 1692 cartam,

186 1706 285 1754 Caelans
301 1706 408 1755 leticiam
424 1721 498 1770 quam
513 1705 601 1754 retinet
617 1705 730 1764 subitam,

137 1779 191 1827 Nec
206 1776 274 1826 vadit
289 1778 385 1826 theatro
400 1777 448 1825 nisi
464 1777 585 1843 spectaclo
601 1777 669 1842 prius
685 1788 749 1836 acto,

186 1849 305 1897 Discessit
320 1859 375 1897 toto
391 1859 477 1915 postea
493 1864 550 1896 cum
564 1848 678 1915 populo:

138 1922 207 1969 Unus
224 1921 246 1968 ei
262 1921 335 1987 pulso
351 1920 435 1969 vultus
450 1919 499 1968 fuit
514 1931 587 1985 atque
602 1935 709 1978 reverso
737 1950 738 1953 =

186 1993 240 2041 Nec
254 1991 354 2040 fortuna
370 2008 471 2057 gravem
486 1990 565 2039 fuscat
581 1991 603 2039 ei
618 1991 710 2040 fatiem.

136 2064 166 2111 In
184 2063 243 2111 Siria
259 2063 370 2123 Bibulus,
386 2063 426 2111 vir
441 2063 548 2111 honores
565 2068 660 2130 semper
675 2062 787 2128 adeptus,
843 2074 845 2083 ²

186 2135 256 2183 Olim
272 2134 376 2201 degebat
392 2135 465 2183 Curia
482 2151 556 2202 quam
572 2134 678 2193 dederat,

137 2206 230 2255 indolis
247 2207 359 2272 egregiae
374 2217 444 2254 natus
460 2206 585 2271 iugulatur
600 2218 704 2272 uterque
758 2242 759 2245 η

185 2277 287 2344 Aegipti
302 2278 395 2335 asevis
411 2278 478 2343 inpie
493 2277 629 2336 militibus,

138 2350 209 2412 Quos
226 2350 354 2416 Cleopatra
366 2349 426 2397 ‘viro
442 2357 526 2415 captos
543 2348 631 2397 direxit
646 2348 735 2407 amico,

186 2421 252 2468 Hinc
267 2432 295 2468 ut
310 2431 426 2468 natorum
441 2420 550 2469 vindicet
565 2420 699 2479 interitum,

139 2492 189 2554 Qui
202 2499 307 2546 renuens
319 2492 360 2551 ait,
375 2509 389 2539 ‹<
398 2491 456 2540 haec
467 2491 578 2557 patribus
591 2491 701 2540 vindicta
710 2491 845 2557 supersit»,
855 2514 889 2547 135.

185 2564 260 2611 Diros
277 2563 402 2612 carnifices
416 2562 522 2611 reddidit
538 2563 682 2611 incolOmes.

104 2741 134 2764 112
141 2729 183 2773 jort.
195 2738 260 2764 noster.
284 2725 287 2727 ’
310 2741 341 2763 120
352 2730 547 2773 theatro:hsttprascr.
598 2713 768 2773 13ziin).(pie)rar.
