2068 3216
842 159 852 190 Ι

332 228 366 262 oa
381 204 589 262 Mauouaumuus
604 214 635 261 Π.
656 230 665 261 1
823 159 834 204 3

143 357 228 405 Fertur
244 355 274 404 ab
290 353 411 421 indigenis
428 356 603 422 Peloponensis
619 355 696 405 modo
713 355 770 416 dici,
821 414 822 418 Ἰ

191 427 258 477 Olim
274 428 412 493 Grecorum
427 427 510 477 nobile
526 427 681 494 praesidium.

143 500 256 548 Protinus
273 501 380 548 Vesozes
396 516 448 548 non
463 499 555 565 absque
571 494 692 548 tirannide
707 497 788 564 fasces

191 571 298 637 Corripit
314 571 423 637 aegipti,
440 570 488 620 bile
504 582 600 620 tumens
616 571 699 630 animi,
789 630 791 632 ι

143 643 194 706 Qui
209 642 260 692 fera
276 643 339 692 bella
356 642 442 694 Scithis
458 643 546 691 indixit
562 643 635 692 corde
651 643 739 709 rapaci,

190 714 273 764 Missis
289 714 390 781 parendi
407 714 450 780 qui
466 714 512 763 sibi
527 716 579 763 iura
595 715 696 774 darent;

143 786 300 852 Respondete
317 786 410 837 Scithae
427 786 545 835 stolidum
560 803 643 852 regem
658 787 732 835 nimis
748 804 808 847 esse,

191 859 242 922 Qui
258 857 384 925 locuplebs
400 859 469 924 inopi
485 858 548 907 belia
563 854 631 925 paret
646 859 758 924 populo:

143 930 167 979 Si
183 931 272 989 vincat,
289 930 386 998 nulium
401 929 447 978 sibi
463 931 529 979 norit
545 946 650 979 crescere
666 930 769 989 lucrum,

189 1002 317 1050 Postremo
333 1001 400 1051 vinci
415 1002 521 1066 piurima
535 995 641 1067 dampna
656 1001 726 1061 fore,

141 1074 238 1122 Claudit
253 1074 360 1123 Vesozes
377 1073 448 1122 dictis
463 1073 590 1122 veracibus
606 1089 683 1132 aures,

136 1169 138 1172 v
179 1142 376 1211 >Aggressusque
388 1145 493 1204 Scithas,
510 1146 590 1194 victus
606 1145 636 1193 ab
652 1145 806 1211 his-refugit,

142 1217 192 1279 Qui
208 1216 327 1266 desolatas
344 1228 476 1266 sternentes
493 1233 550 1282 rege
566 1228 681 1276 catervas,

189 1290 228 1338 Ne
243 1288 346 1354 perdant
361 1300 433 1348 totas,
450 1301 513 1337 arcet
530 1305 572 1337 eos
589 1288 686 1337 fluvius.

141 1359 255 1409 Pacificus
273 1361 327 1409 imis
343 1376 385 1408 rex
400 1361 502 1425 impetat
518 1361 620 1411 inachus
637 1360 720 1426 Argis,

188 1432 217 1481 in
234 1432 337 1481 vitulam
352 1432 415 1480 Iuno
432 1443 513 1494 mutat
525 1449 555 1480 eo
572 1432 686 1497 genitam.

139 1504 183 1553 Isis
200 1503 231 1552 ab
246 1504 356 1569 Aegipto
373 1503 417 1552 dea
433 1503 546 1563 creditur,
563 1504 622 1555 haec
636 1503 684 1551 fuit
700 1504 737 1562 Io,

188 1575 273 1624 inacus
289 1587 313 1623 at
329 1575 427 1640 genitor
442 1576 542 1623 nomina
559 1574 599 1623 dat
615 1574 701 1624 fluvio,

139 1648 187 1695 iste
204 1646 361 1696 Phoroneum
376 1646 461 1712 genuit
478 1647 521 1712 qui
536 1647 629 1712 primus
645 1647 671 1694 in
687 1645 747 1695 orbe

187 1720 264 1784 Leges
281 1718 408 1767 constituit
423 1718 586 1785 iuditiumque
602 1718 676 1766 dedit.

68 1802 73 1812 ’·
138 1790 177 1839 Ilii
193 1806 235 1838 rex
250 1790 311 1855 Apis
329 1789 458 1852 succedens
474 1801 560 1855 regnat
575 1790 601 1838 in
616 1790 701 1855 Argis

187 1862 270 1924 Quem
285 1861 362 1910 coluit
372 1858 458 1921 Nilus,
474 1862 515 1910 iiie
532 1861 625 1926 Serapis
641 1862 661 1909 is
678 1872 721 1909 est.

139 1933 196 1982 Cres
212 1933 279 1982 Iovis
296 1933 385 1981 altricis
402 1933 486 1981 Cretae
502 1932 636 1981 diademata
653 1933 764 1997 sumpsit,

187 2005 238 2067 Qui
253 2020 346 2053 nornen
361 2005 428 2070 genti
444 2005 549 2053 contulit
565 2016 589 2053 et
603 2005 702 2070 patriae,

138 2076 230 2141 Vulgat
246 2075 364 2124 Curetum
380 2092 454 2143 quem
468 2076 533 2124 fama
548 2076 655 2124 volatilis
671 2092 756 2134 unum,

185 2147 210 2196 A
226 2146 315 2214 quibus
331 2147 463 2196 absconsus
480 2147 573 2212 iupiter
588 2147 639 2212 ipse
655 2146 710 2195 fuit.

138 2219 206 2284 Ergo
223 2219 338 2267 Saturnus
355 2219 467 2284 regnavit
482 2234 524 2266 rex
539 2218 574 2267 ibi
589 2219 690 2283 primus,

186 2290 270 2338 Craeta
286 2290 328 2338 sed
344 2307 358 2338 a
375 2291 451 2338 Cretis
467 2290 568 2338 nomine
585 2290 648 2338 dicta
663 2289 718 2338 fuit.
780 2315 781 2319 =

138 2362 246 2427 Sumpsit
258 2361 337 2413 adhuc
351 2362 436 2410 mustis
450 2362 560 2427 regimen
576 2362 681 2426 Cecrops
694 2362 721 2409 in
733 2361 846 2420 Athenis,
860 2372 884 2417 65,

185 2434 265 2481 Lucos
284 2434 329 2481 iste
348 2434 404 2482 Iovi
423 2433 572 2500 delubraque
591 2434 690 2491 statuit;

137 2504 230 2553 Primus
246 2504 295 2553 liba
312 2504 386 2563 dedit,
403 2505 530 2553 simulacra
545 2505 612 2570 prius
628 2504 763 2552 fabricavit.

100 2649 120 2691 38
129 2647 173 2690 ...(m
184 2647 283 2691 grecorum)
294 2646 325 2690 legi
332 2658 361 2681 aon
368 2652 427 2691 potest.
477 2659 497 2691 39
507 2647 588 2691 protinus
596 2646 662 2689 aixlegi
668 2652 727 2690 potest.
776 2657 798 2688 42
806 2646 849 2680 mis-

64 2694 86 2728 sis
96 2697 125 2729 vix
135 2693 166 2738 legi
174 2700 233 2738 potest.
285 2694 307 2737 46
320 2695 425 2738 po(stremo)
439 2696 468 2729 aix
481 2694 512 2738 legi
521 2699 580 2738 potest.
632 2705 653 2738 47
668 2693 762 2737 (c)ia(udit)
777 2696 806 2727 uix
818 2693 851 2738 lagi

60 2748 119 2786 potest.
168 2745 187 2786 58
200 2742 283 2786 (colu)i(t)
295 2745 311 2776 in
322 2754 354 2777 ras.
