2068 3216
451 251 570 286 sustuna
596 238 644 286 VH

193 380 315 430 Obicibus
332 382 409 448 ruptis
425 381 510 430 transit
526 381 661 430 munimina
676 379 743 440 valli,
905 402 936 436 ¹⁹5

241 451 387 518 Invaditque
403 452 450 501 soli
466 453 614 519 gramineam
629 452 724 502 faciem.

194 525 267 574 Haud
282 524 352 573 aliter
368 522 500 573 Rhodanus
517 524 608 590 gelidas
623 523 743 590 fugiendo
758 539 803 590 per
817 523 902 590 Alpes,

241 597 341 646 Artatus
357 595 424 663 rupis
439 594 550 644 faucibus
566 596 651 656 aeriae,

194 668 277 717 Obvia
292 667 432 735 propellens
447 678 518 716 vasto
534 683 591 716 cum
606 683 731 717 murmure
747 683 809 728 saxa,

243 739 380 805 Stagnantis
396 738 501 788 tumidas
517 739 621 805 gurgitis
637 740 710 788 intrat
725 755 807 804 aquas.
904 761 938 785 ιω

193 812 257 860 Cum
272 811 378 860 clamore
393 810 480 859 videns
495 810 584 860 alacres
600 810 775 877 comprendere
790 827 882 877 magno

242 882 351 931 Hostiles
367 882 447 949 campi
462 882 588 948 planitiem
602 899 702 942 cuneos,

194 954 306 1004 Editiore
321 955 378 1003 loco
393 965 523 1020 promotus
539 966 660 1003 convocat
675 954 747 1003 heros

242 1026 367 1075 Patroclus
383 1037 474 1074 turmas
491 1042 550 1091 quas
566 1026 599 1074 ita
615 1025 665 1075 dux
680 1025 786 1075 animat:

195 1116 209 1146 «
219 1099 243 1147 Ο
253 1098 333 1147 Danai
348 1097 434 1157 fortes,
450 1097 520 1146 decet
535 1114 566 1146 en
581 1097 720 1147 meminisse
735 1098 863 1163 priorum:
905 1119 937 1152 205

243 1171 304 1218 Esto
320 1185 423 1228 memor,
439 1169 518 1228 milet,
529 1180 596 1234 ,squae
612 1170 643 1218 sit
659 1169 732 1235 origo
748 1180 797 1228 tua,

195 1242 281 1290 Gloria
297 1252 387 1306 quanta
401 1247 499 1307 patrum
513 1240 588 1289 fuerit
603 1241 731 1306 virtusque
746 1254 851 1300 recense,

243 1312 352 1362 Turbine
368 1328 419 1378 quo
434 1312 526 1361 victam
541 1312 680 1361 subruerint
695 1312 796 1362 Asiam:

194 1384 269 1433 iliaco
285 1386 380 1433 Xantus
395 1383 504 1451 perfudit
520 1384 637 1450 sanguine
651 1384 717 1442 litus,

243 1456 317 1505 Troia
333 1455 451 1505 Miceneis
466 1455 565 1522 ignibus
580 1467 635 1505 usta
649 1455 721 1522 perir,
906 1478 940 1502 210

195 1527 308 1593 Urbsque
315 1526 430 1593 frequens
437 1527 537 1595 populis
546 1526 683 1593 opibusque
690 1526 778 1575 referta
786 1526 904 1593 superbis,

244 1599 367 1648 Scinditur
383 1615 414 1647 en
429 1599 501 1648 aratri
516 1598 588 1647 dente
603 1598 670 1647 ferax
685 1598 791 1664 segetis3

195 1672 300 1720 Centum
316 1671 359 1736 qui
374 1670 454 1719 decies
469 1670 575 1719 traduxit
590 1670 658 1719 milia
673 1671 766 1719 Xerxes

243 1745 295 1791 Rex
309 1753 478 1808 pugnatorum
493 1742 602 1791 Persicus
618 1742 644 1790 in
659 1742 768 1801 Danaos,

196 1813 319 1862 Omnibus
335 1814 429 1862 amissis
444 1813 553 1879 trepidus
568 1812 701 1862 formidine
717 1813 791 1879 fugit,
907 1835 939 1868 215

244 1887 275 1934 Et
291 1902 378 1934 vacuas
394 1885 467 1934 urbes
483 1886 501 1934 a*
512 1885 612 1952 populis
628 1885 732 1951 repetit;

195 1959 265 2007 Num
279 1956 413 2023 fuligineus
429 1956 541 2016 Macedo,
557 1957 598 2005 cui
614 1957 698 2005 serviit
712 1955 796 2015 Indus,

244 2029 355 2094 Cumque
371 2029 421 2077 suis
438 2028 527 2077 Oriens
543 2027 642 2094 regibus
658 2039 682 2076 et
697 2027 806 2094 populis,

195 2101 256 2150 Non
270 2099 349 2149 fuerat
364 2100 448 2166 magni
462 2100 544 2167 proles
560 2099 680 2166 praeclara
695 2097 811 2166 Philippi,

244 2171 339 2221 Orbem
354 2172 474 2237 Cecropio
490 2171 568 2219 milite
584 2171 627 2237 qui
642 2170 740 2219 domuit
755 2171 766 2219 ?
908 2194 942 2217 220

163 2285 164 2290 ,
196 2243 296 2292 Moenia
311 2243 446 2292 Romuleus
463 2243 584 2291 Bizantica
599 2259 683 2291 nonne
697 2242 807 2290 tirannus

245 2315 364 2374 Extruxit‚
380 2326 435 2363 toto
450 2315 504 2363 cive
520 2325 634 2379 sequente
650 2313 763 2362 ducem?

196 2388 288 2436 Paucos
304 2386 428 2435 nobilium
442 2386 488 2435 tibi
504 2386 607 2435 maxima
623 2387 702 2433 Roma
717 2385 824 2450 reliquit,

245 2460 276 2506 Et
292 2458 363 2524 vulgi
377 2458 471 2524 primos
487 2456 638 2523 artificesque
653 2457 727 2506 tulit:

51 2538 67 2574 r.
80 2541 113 2573 128
196 2530 279 2578 Paruit
295 2529 332 2578 bis
348 2542 415 2578 totus
432 2540 456 2578 et
471 2540 531 2577 tunc
546 2540 570 2577 et
585 2540 671 2596 postea
686 2527 801 2586 mundus,
909 2553 941 2584 225

245 2603 344 2650 Horum
358 2601 489 2668 progenies
506 2617 552 2648 nos
569 2616 687 2666 generosa
703 2615 795 2648 sumus

162 2730 194 2764 197
205 2719 312 2755 Rhodanus:
325 2720 337 2755 h
347 2727 426 2765 suprascr.
483 2732 513 2764 ²05
527 2720 598 2764 (Dana)i
608 2722 625 2754 in
636 2731 668 2755 ras.
725 2731 757 2754 210
768 2721 852 2755 Miceneis
864 2720 908 2766 igni·

128 2766 161 2801 bus
171 2769 189 2801 in
194 2773 231 2802 ‘ran
280 2779 312 2812 217
323 2769 395 2804 serviit:
407 2769 412 2802 i
423 2775 501 2813 stqirasar.
551 2780 581 2802 221
595 2768 709 2812 (Bizan)tic(a)
721 2770 737 2802 in
747 2780 780 2803 ras.
