2068 3216
858 155 874 200 4
890 175 891 178 ,

389 226 525 261 MIRACULA
542 226 560 261 S.
577 220 717 260 BENEDiCTI
878 150 911 203 37

195 358 224 405 ln
240 356 333 406 rabiem
348 372 434 405 versus
450 356 595 421 reliquoque
611 355 682 421 gregi
694 350 812 415 sociatus,
834 364 836 374 ¹
903 351 908 368 ³

243 427 331 477 Infecit
346 429 427 493 plures
443 439 511 493 peste
526 426 622 476 furente
637 443 715 476 canes.

195 500 235 549 De
250 500 334 566 porcis
349 499 436 548 itidem
449 499 546 565 'geritur
561 498 630 564 quod
646 498 677 547 de
692 515 751 547 cane
766 498 879 565 pridem:

244 570 363 638 Ingressis
378 571 462 636 paucis
479 582 535 619 sunt
551 570 642 620 similes
658 570 763 636 reliqui;

195 644 246 692 illis
263 642 411 702 commixtis,
427 642 541 702 Viviane,
558 658 653 691 sacrum
668 642 726 708 quia
741 642 855 709 tempnis,

244 714 328 764 Perdis
343 713 427 781 primo
443 730 522 773 canes,
538 725 624 780 postea
639 730 699 762 vero
717 731 778 763 sues.

196 785 268 847 Rufe,
285 786 362 835 boves
378 785 451 834 aratri
466 785 570 852 rapiens,
587 784 719 845 Gaufrede,
736 785 842 845 minasti,

244 857 370 907 Promittis
386 856 484 907 famulis
500 872 584 924 aspera
599 856 676 907 multa
691 857 782 924 patris:

195 929 333 979 Perfoderis
350 928 434 996 gladio
449 945 495 977 nec
510 929 574 977 soles
590 928 703 994 transigis
720 940 786 988 oct0,

243 1002 268 1050 A
284 1012 308 1050 te
323 1001 460 1067 promissae
477 1011 534 1049 sunt
549 999 601 1059 ubi,
617 999 675 1060 fare,
692 1000 799 1050 minae?

196 1074 262 1122 Pavo
279 1084 383 1122 sacratae
398 1072 505 1121 volitans
523 1086 595 1138 super
610 1072 687 1132 astitit
703 1088 763 1132 arae,

244 1145 350 1196 Lumina
366 1144 494 1203 demissus,
511 1143 663 1192 contrahitur
678 1143 799 1211 pedibus;

196 1217 256 1265 Eius
272 1232 400 1265 mensurae
416 1216 512 1264 lichnus
528 1215 688 1281 praeponitur
702 1232 764 1275 arae,

244 1288 351 1337 Lichnus
367 1299 396 1336 ut
412 1287 506 1347 exarsit,
523 1287 634 1336 constitit
649 1287 788 1336 incolomis.

196 1361 254 1418 Cur,
269 1359 401 1419 Adelarde,
417 1370 473 1408 tuae
488 1358 599 1407 corrodis
616 1358 707 1407 credita
722 1375 801 1419 curae,

245 1431 360 1497 Expolias
376 1430 472 1490 viduas,
489 1430 569 1479 caedis
585 1442 609 1479 et
625 1431 743 1496 agricolas
760 1430 771 1479 ?

195 1503 336 1552 Adventare
352 1514 409 1552 tuos
426 1501 560 1568 equitando
575 1501 662 1551 videns
678 1502 800 1561 inimicos,

243 1575 314 1623 Dum
329 1575 415 1623 transis
432 1575 522 1633 virum,
539 1573 633 1623 corruis
649 1574 674 1622 in
690 1573 808 1640 gladium.

196 1646 247 1709 Qui
262 1662 368 1711 porcum
383 1645 472 1694 viduae
487 1645 545 1694 tulit
560 1644 689 1694 Albericus
705 1662 804 1711 egenae,

243 1718 327 1782 Ipsam
342 1716 482 1776 subsannat,
499 1716 600 1766 reddere
615 1716 769 1784 dissimulat}

195 1788 308 1838 Mensam
323 1787 388 1838 forte
405 1804 478 1854 super
493 1789 569 1837 iactus
585 1789 692 1854 pupugit
708 1788 755 1837 sibi
770 1788 849 1837 culter

244 1860 335 1909 Pranso
350 1860 479 1926 pupillam,
496 1859 557 1908 dum
572 1860 656 1919 resilit,
672 1859 786 1909 mediam.

195 1931 327 1980 Anteriora
341 1932 412 1998 pedis
428 1931 474 1980 tibi
490 1932 540 1980 iam
555 1947 621 1980 sacer
637 1930 718 1980 ederat
733 1931 807 1997 ignis,

243 2003 283 2052 Ne
298 2014 371 2052 voret
386 2004 428 2051 illa
444 2004 497 2052 lues
513 2014 606 2052 caetera
621 2002 731 2052 membra
745 2019 829 2070 paves,

196 2073 303 2123 Horrida
319 2074 440 2123 sulfureae
455 2086 550 2123 cessant
566 2074 678 2123 incendia
694 2075 813 2133 flammae,

243 2145 430 2205 Archembalde,
447 2158 518 2195 tuum
534 2162 592 2195 mox
607 2157 635 2194 ut
650 2145 702 2195 adis
718 2146 864 2196 Dominum.

195 2216 266 2265 Alter
282 2234 312 2265 eo
328 2217 418 2266 morbo
435 2228 512 2266 tactus
529 2216 638 2266 defertur
653 2218 737 2277 asello,

244 2288 325 2337 Matre
340 2288 389 2338 fide
405 2290 482 2337 multa
499 2305 524 2338 se
540 2289 674 2338 comitante
690 2305 749 2348 sua;

130 2378 131 2381 ¹
195 2359 306 2407 Partibus
323 2359 363 2408 hic
378 2360 475 2409 iuvenis
490 2376 624 2427 properans
640 2377 654 2409 a
670 2360 866 2426 Transligerinis,

245 2430 321 2479 Sanus
338 2431 470 2496 magnifico
487 2431 598 2481 redditur
613 2449 627 2480 a
643 2432 749 2482 medico.

195 2501 314 2566 Fulgebat
330 2502 423 2551 Mariae
439 2515 504 2552 sacra
520 2503 659 2569 purificatio
676 2520 792 2563 summae,

244 2573 357 2621 Vestibat
372 2573 427 2636 lana
443 2589 497 2623 sero
514 2574 599 2624 colum
614 2575 718 2635 misera;

195 2643 235 2691 De
251 2644 363 2693 manibus
380 2645 452 2694 tortis
468 2645 601 2695 vehemens
618 2641 725 2696 exestuat
740 2646 814 2712 ignis,

243 2715 381 2765 Aeclesiam
395 2717 498 2782 peragit,
514 2718 591 2766 tortio
608 2731 632 2766 et
647 2718 711 2784 ignis
727 2717 785 2766 abit.
