2068 3216
291 198 325 231 DE
340 196 547 230 Mauoaauunsus
563 181 630 230 VIII.
649 197 663 242 7
783 126 831 174 199

125 325 242 374 Extiterat
257 340 344 373 censor
359 341 401 373 seu
417 324 503 373 consul
519 335 621 390 uterque
637 322 760 383 Metellus,

173 395 260 462 Tuque
275 395 424 463 triumphali,
442 396 542 459 Quinte,
559 395 629 444 datus
646 406 739 454 statua;

124 469 168 517 Hii
184 483 296 535 proceres
312 466 500 533 repetundarum
515 466 545 516 de
560 467 661 515 crimine
678 467 800 530 Quintum
859 489 865 521 ς

173 539 278 605 Culpant
293 539 446 605 Pompeium,
461 538 538 588 credit
554 539 588 587 eis
603 538 720 606 populus

125 612 223 660 Horum
239 609 281 660 sed
296 627 327 659 ne
342 610 405 658 clara
420 610 529 677 potentia
544 610 733 677 praepruorum

173 683 255 746 Quam
269 682 309 731 lex
323 681 434 730 credatur
448 681 549 747 perdere
564 682 628 730 iusta
643 697 720 741 reum,

124 754 147 803 A
162 753 258 820 populo
274 754 361 802 missus
378 752 485 819 gaudens
501 752 564 802 redit
579 752 610 802 ad
626 770 669 802 sua
685 753 801 817 Quintus,

170 824 342 893 Applaudente
356 824 405 874 viri
420 823 510 873 nobilis
526 824 654 892 obsequio.
847 847 868 870 10

123 895 238 946 Mennius
253 896 342 945 illustri
357 911 411 945 reus
427 907 463 945 est
478 913 492 944 a
507 896 617 963 principe
633 897 732 956 Scauro,

172 968 289 1018 Obiectus
305 967 353 1017 toti
367 967 465 1016 Flavius
481 978 505 1016 et
520 967 624 1035 populo,

123 1040 310 1108 Insequiturque
326 1055 395 1088 reum
410 1039 539 1088 maiestatis
556 1039 707 1098 Consanum,

172 1112 221 1161 Hic
236 1110 369 1160 confessusv
378 1122 428 1159 erat
443 1110 493 1159 iam
506 1109 600 1160 facinus
615 1111 761 1178 proprium:

124 1183 207 1233 Clarus
222 1183 348 1250 progenie,
364 1181 474 1231 sublimis
490 1181 625 1248 relligione,
847 1205 865 1236 ις

171 1254 276 1304 Infestos
294 1255 395 1303 Scaurus
412 1253 457 1302 hos
473 1254 558 1321 nequit
573 1254 720 1321 opprimere.

125 1326 236 1389 Quantus
252 1342 303 1375 eras
319 1324 428 1393 patribus
444 1325 596 1392 conscriptis,
612 1325 706 1374 obtime
723 1326 818 1385 Scaure,

172 1398 264 1447 Tantus
280 1409 330 1446 erat
346 1398 445 1446 Crassus
460 1396 581 1446 iudicibus
597 1397 693 1463 populi,

124 1469 233 1537 Eloquio
247 1469 320 1535 largis
337 1484 444 1536 quorum
459 1467 571 1534 suffragia
585 1468 644 1517 rivis

173 1540 275 1590 Sedulus
291 1540 392 1589 ornabat
407 1539 482 1589 ubere
496 1539 635 1607 praesidi0;
845 1563 867 1586 ιο

124 1612 172 1661 Hic
188 1629 213 1661 se
228 1623 289 1661 teste
305 1628 374 1661 reum
389 1610 537 1660 Marcullum
551 1610 654 1660 fulmine
668 1611 766 1677 linguae
802 1630 803 1633 ¹

172 1684 291 1733 Percussit
306 1683 408 1743 validae,
424 1700 470 1732 nec
484 1694 554 1749 putat
569 1682 683 1748 effugere,

87 1751 88 1755 ’
124 1756 171 1804 Pro
187 1770 260 1804 cursu
275 1755 373 1822 rapidus
388 1755 471 1822 primo
487 1754 530 1803 sed
544 1754 593 1803 fine
608 1754 693 1803 relisus

172 1826 278 1875 Obiectu
294 1827 385 1875 montis
402 1826 493 1875 flumen
508 1826 545 1874 uti
559 1825 677 1875 validum.

123 1898 205 1947 Lelius
221 1909 246 1946 et
261 1897 367 1957 Marcus,
384 1897 529 1946 Hortensius
544 1909 617 1965 atque
633 1896 756 1956 Metellus,
845 1920 865 1952 25
894 1922 896 1925 ·

172 1968 306 2018 Maiestatis
322 1984 373 2018 eras
389 1981 416 2018 tu
433 1970 497 2035 quia,
514 1968 617 2028 Grache,
633 1984 696 2028 reusi

123 2041 229 2090 Diviciis
244 2052 340 2090 tantum
354 2057 406 2089 non
421 2052 445 2089 te
461 2040 551 2089 nudare
566 2039 690 2099 volebant,

171 2112 325 2162 Incolomem
339 2113 443 2179 patriam
459 2111 501 2161 sed
516 2111 570 2160 fore
585 2128 658 2179 posse
673 2123 764 2177 negant

123 2184 245 2233 Incolomi
259 2194 284 2232 te
300 2195 376 2233 stante
392 2183 443 2243 diu,
459 2194 497 2232 tot
512 2182 616 2232 iuditiali

173 2255 240 2304 Haec
254 2254 363 2304 umbone
378 2254 455 2322 pudet
469 2254 572 2303 fulmina
587 2255 657 2321 pulsa
672 2266 746 2303 retro
846 2278 866 2310 30

125 2327 187 2390 Quis
203 2337 276 2392 neget
291 2327 385 2392 eloquii
401 2327 544 2375 Ciceronem
558 2325 668 2392 lampada
684 2326 762 2374 nostri
778 2326 790 2374 ?

173 2398 268 2461 Quisve
283 2410 356 2464 neget
372 2397 466 2447 dictum
480 2398 532 2446 iure
546 2409 641 2464 patrem
655 2398 746 2463 patriae
762 2398 773 2446 ?

124 2471 189 2519 Iurat
205 2469 245 2518 hic
260 2470 345 2518 incesti
360 2481 384 2519 te
400 2481 497 2536 turpem
512 2470 620 2528 crimine,
637 2469 718 2528 Clodi,

88 2624 95 2657 3
108 2624 139 2647 seu
149 2611 211 2648 consul
221 2614 238 2646 iu
245 2624 277 2647 ras.
285 2611 307 2646 al.
315 2623 356 2646 maa
405 2612 415 2645 6
423 2611 508 2656 (culpant
519 2614 535 2646 ia
546 2624 578 2646 ras.
587 2612 608 2647 al.
617 2624 658 2647 anau.
731 2625 741 2656 9
752 2613 832 2657 (re).(dit)

53 2664 90 2695 raav
135 2671 154 2705 13
166 2660 270 2695 Norbanum
278 2662 295 2694 in
307 2660 362 2694 Valer.
372 2660 428 2701 allam,
438 2670 478 2701 vm,
490 2671 505 2703 5,
518 2671 532 2694 z.
573 2672 593 2704 30
601 2660 688 2704 f(ulmina)
696 2662 713 2694 in
720 2672 752 2695 ras.
761 2660 783 2695 al,
791 2672 832 2695 maa.

55 2720 74 2753 33
83 2707 130 2743 clodi
137 2720 141 2742 ε
156 2720 168 2742 ο
175 2710 204 2751 st'g.
212 2719 242 2742 aar.
250 2714 328 2752 saprascr.
673 2718 675 2720 ’
