2068 3216
463 216 583 250 mistura
606 203 643 251 ΙΙΙ

198 345 303 393 Horruit
319 344 384 393 haud
399 343 468 393 faties
484 345 552 411 picea
567 343 671 411 fuligine
687 345 774 394 tinctas
828 369 829 373 ¹

247 415 320 465 Edita
336 415 444 465 Cadmeo
460 416 591 482 progenies
606 428 703 466 aratro:
773 441 777 447 >1
829 428 831 431 ’

199 487 238 536 Tu
254 499 335 536 tamen
351 487 452 553 eligeres
468 488 546 536 levius
563 505 637 554 quam
653 504 750 537 cernere
765 489 824 538 tales
883 499 884 502 ’

247 559 336 609 Noctis
352 559 378 607 in
394 559 500 608 obscuro
517 559 644 609 Tartareos
661 562 785 610 Lemures.

199 631 303 679 Bacheas
320 630 445 679 Macetum
461 646 502 679 rex
518 647 621 697 magnus
637 632 752 699 praeterit
767 647 828 692 araS,

248 703 299 765 Qui
315 702 393 750 nimio
409 702 486 751 laudis
503 714 587 768 captus
602 718 686 752 amore
701 702 766 762 fuit3
803 726 804 730 ¹

199 774 247 822 Hic
263 789 349 822 vecors
365 790 466 822 omnem
482 774 542 824 dum
557 786 624 823 retur
639 774 733 824 viribus
750 774 837 824 orbem

248 845 390 894 Proculcare
406 846 464 905 suis,
481 846 599 911 sanguine
614 858 701 895 cuncta
717 846 810 914 replet:

199 917 282 982 thue
297 917 369 983 lupus
386 917 465 966 caulas
481 918 569 984 procul
584 935 598 966 a
614 918 717 967 custode
733 930 838 967 remotas

248 989 329 1037 Caesis
345 989 468 1054 ingressus
484 1001 573 1037 mactat
589 1006 648 1038 oves
665 989 774 1049 canibus,

200 1060 350 1126 Expletaque
366 1077 411 1108 nec
426 1060 544 1126 ingluvie,
562 1060 608 1110 sibi
623 1073 697 1110 nocte
712 1060 818 1120 favente,

247 1130 352 1180 Affectat
367 1143 434 1180 totos
450 1131 552 1197 perdere
568 1132 640 1181 dente
656 1149 751 1198 greges,

201 1202 239 1251 Sic
255 1203 301 1252 sibi
318 1204 452 1252 summissis
469 1203 573 1253 Macedo
589 1203 687 1253 festinat
702 1204 806 1253 Achivis

249 1276 341 1324 Gentes
358 1276 475 1342 romphea
492 1287 597 1324 sternere
614 1276 753 1341 sanguinea,

200 1346 232 1394 Et
247 1347 316 1395 velut
331 1347 441 1412 angustis
456 1358 548 1395 artetur
563 1346 653 1396 finibus
670 1347 745 1407 orbis,

249 1418 325 1483 Regia
341 1418 407 1466 solus
424 1418 458 1467 ibi
474 1430 568 1484 sceptra
583 1430 665 1467 tenere
681 1419 756 1486 cupit.

200 1490 313 1555 Ingentes
331 1490 415 1557 Ciprio
431 1489 527 1539 fuerant
543 1506 615 1556 gazae
631 1490 787 1550 Ptholomeo,

248 1561 311 1609 Auri
327 1562 426 1609 conflati
440 1562 551 1628 pondera
567 1562 643 1610 multa
659 1562 740 1621 nimis,

201 1632 271 1694 Quae
285 1647 330 1699 per
345 1632 380 1681 fas
397 1633 498 1682 collecta
514 1633 631 1699 nefasque
646 1633 764 1699 profanus
780 1633 877 1693 hiulcis,

249 1704 319 1753 Nulli
335 1703 470 1764 confessus,
486 1704 612 1754 abdiderat
628 1705 772 1765 scrobibus;

201 1775 267 1823 Hinc
282 1776 423 1824 inimicicias
439 1788 592 1825 coacervarat
608 1776 655 1825 sibi
670 1776 750 1836 duras,

249 1847 428 1896 Insidiabantur
443 1848 501 1896 hinc
517 1847 700 1908 etiamfamuli,

202 1918 253 1979 Qui
269 1919 329 1967 dum
344 1918 465 1968 mortiferi
481 1918 597 1969 formidat
612 1931 681 1985 peste
695 1920 785 1969 veneni

249 1991 306 2039 Vita
321 1990 421 2058 privari,
438 1991 489 2039 sive
505 1992 555 2040 acie
571 1991 654 2057 gladii,

202 2080 216 2109 <c
227 2061 386 2127 Submergam
401 2073 476 2111 tetrae
485 2079 538 2111 mea
555 2063 665 2112 scandala
674 2082 697 2122 »‚
714 2063 783 2122 dixit,
801 2063 913 2123 «abisso,

250 2133 359 2182 Piscibus
373 2133 432 2182 haec
446 2134 540 2183 tradam
555 2150 650 2200 semper
663 2134 774 2183 habenda
788 2135 858 2200 vagis
867 2152 900 2194 >›;
916 2156 950 2190 190

200 2205 270 2253 Dixit
286 2216 310 2253 et
326 2206 388 2271 Egei
403 2206 475 2254 remis
494 2218 557 2255 secat
572 2206 620 2255 alta
634 2206 771 2274 profundi,

251 2276 298 2325 Sed
314 2276 408 2343 stupuit
423 2276 503 2326 fulvas
519 2294 630 2344 mergere
645 2295 729 2326 caecus
746 2294 823 2344 opes;

202 2348 294 2396 Condit
309 2348 427 2397 thesauris
443 2349 506 2414 ipsas
522 2350 612 2398 iterum
627 2349 770 2408 tenebrosis,

252 2420 318 2482 Quas
335 2436 393 2467 cum
407 2420 461 2469 luce
477 2421 551 2469 miser
565 2421 673 2487 perdidit
688 2421 806 2470 aetherea.

202 2490 334 2539 Astrorum
349 2502 440 2550 motus,
457 2493 565 2557 caelique
581 2493 641 2551 vias,
658 2492 730 2540 maris
747 2503 821 2551 estus,
918 2514 948 2547 195

251 2563 301 2610 Cur
316 2562 387 2611 lunae
403 2574 492 2611 tractus
509 2564 645 2629 insequitur
660 2564 770 2629 pelagus,

166 2730 197 2761 180
213 2727 261 2772 cupit
275 2730 291 2762 in
306 2740 339 2763 ras.
389 2740 419 2773 193
432 2726 618 2772 (condit)..(thesautis)
637 2740 669 2764 ras.
