2068 3216
256 215 258 219 ’
309 213 343 246 DE
359 212 565 246 Mnuoaasutsus
581 199 624 246 ΠΙ.
645 215 654 245 1

126 340 214 388 Extitit
230 351 254 389 et
269 342 339 407 pueri
355 342 490 390 constantia
506 342 582 390 multa
598 341 705 402 Catonis,

174 411 291 462 Nutribat
307 413 403 461 Drusus
420 412 486 461 hunc
501 427 606 478 puerum
620 424 729 479 patruus,

125 483 199 532 Urbis
215 483 268 532 iura
284 501 340 533 suae
355 496 435 549 patres
451 485 513 533 nulli
529 484 643 545 tribuere,

174 555 294 618 Quamvis
311 573 341 604 ex
356 556 425 604 sotiis
442 555 500 604 haec
515 567 625 622 peterent
640 557 733 622 aliqui;

125 626 191 675 Hinc
206 627 306 675 aderant
322 627 390 675 missi
405 642 517 693 proceres
534 645 564 676 ex
578 627 639 676 urbe
655 629 747 688 Latina,

173 698 246 747 Urbis
263 698 331 747 adest
346 699 440 764 primus
457 699 557 748 nomine
573 699 729 766 Poppedius;

124 770 158 818 Ut
173 785 220 836 pro
237 787 262 818 se
278 770 390 819 Drusum
405 782 476 836 roget
492 770 527 819 hii
542 785 647 838 puerum
663 784 818 831 monuerunt,

173 842 225 905 Qui
241 857 300 890 mox
315 853 455 891 constanter
470 841 574 907 abnegat
590 842 615 891 id
631 841 725 902 facere;

124 912 264 979 Poppedius
280 925 378 980 raptum
393 914 450 962 tecti
467 913 564 962 devexit
579 915 605 962 in
620 914 704 973 altum,

172 984 383 1050 Precipitatururn‚
399 985 425 1034 ni
440 984 527 1045 faveat,
545 986 666 1045 minitans,

123 1055 248 1105 Fluctibus
264 1068 292 1104 ut
308 1057 408 1105 tumidis
424 1071 496 1123 rupes
513 1057 596 1106 collisa
612 1057 708 1116 resistit,

172 1129 204 1176 Et
220 1127 255 1176 nil
271 1128 409 1187 blanditiae,
426 1129 461 1176 nil
476 1140 578 1195 potuere
594 1129 681 1177 minae.

122 1200 196 1249 Mane
213 1200 367 1249 salutandum
382 1211 542 1267 praetextatus
558 1201 723 1249 truculentum

170 1272 241 1320 Dum
255 1283 348 1337 peteret
365 1272 455 1331 Siliam,
471 1272 541 1339 plura
556 1272 625 1321 videt
641 1272 726 1338 capita,

122 1343 192 1405 Quae
207 1344 404 1409 proscriptorum
419 1344 510 1391 truncis
527 1343 619 1392 abscisa
634 1344 745 1392 virorum

171 1414 228 1463 Silla
244 1415 374 1481 spectabat,
390 1415 467 1464 bestia
483 1416 621 1481 sanguinea,

120 1487 207 1534 intulit
222 1486 263 1535 ille
280 1503 325 1535 suo
342 1486 469 1535 comitanti
485 1504 510 1535 se
525 1487 656 1553 pedagogo

169 1558 254 1606 Motus
272 1558 376 1607 crudelis
392 1558 507 1624 inpietate
523 1559 582 1625 lupi,
844 1570 856 1605 f.
869 1573 893 1606 26

120 1630 204 1678 «Non
219 1640 255 1677 est
275 1631 318 1697 qui
332 1641 428 1678 tantum
442 1629 512 1678 feriat
527 1646 643 1678 mucrone
658 1629 781 1678 tirannum
796 1630 830 1678 ?»

167 1701 212 1749 ille
228 1700 302 1749 refert
317 1718 405 1750 ausum
420 1701 505 1750 defore
517 1719 569 1749 non
580 1701 697 1760 animum,

119 1771 185 1820 Tum
200 1787 269 1838 puer,
287 1791 301 1820 «
310 1790 326 1821 o
340 1773 435 1839 gladius
450 1773 511 1821 mihi
525 1774 545 1821 si
558 1773 639 1822 brevis
653 1772 804 1832 attribuatur,

168 1843 301 1909 Extingam
317 1862 417 1894 saevum
432 1844 595 1911 perfodiendo
611 1845 701 1903 virum,

119 1914 182 1962 Cum
198 1915 303 1965 residere
319 1933 376 1965 meo
393 1916 469 1965 soleat
484 1928 541 1964 trux
556 1916 627 1965 belua
642 1916 714 1975 lecto,

166 1987 240 2035 Ultor
256 1988 379 2054 nequitiae
395 1986 428 2036 fio
445 1988 508 2036 celer
521 1987 651 2036 rabidae».

116 2058 204 2106 Palluit
220 2059 309 2108 auditis
324 2059 459 2126 puerilibus
476 2060 564 2108 assecla
580 2059 658 2117 dictis,

165 2128 336 2197 Presentatque
351 2131 414 2180 truci
430 2131 521 2179 tardius
537 2131 593 2179 inde
610 2130 673 2179 duci.

115 2201 154 2249 De
170 2201 266 2251 feritate
282 2202 360 2262 ducis,
376 2203 517 2251 lacrimosae
533 2202 642 2251 cladibus
658 2201 734 2261 urbis,

165 2273 285 2322 Caedibus
301 2274 413 2333 assiduis,
431 2289 511 2322 sermo
526 2274 575 2323 fuit
590 2274 688 2339 pueris:

114 2344 257 2411 Respondet
274 2346 375 2394 Faustus
393 2345 461 2410 quod
477 2346 523 2394 iter
538 2346 613 2412 patris
630 2356 691 2393 esset
707 2345 793 2404 iturus,

162 2416 237 2465 Aetas
255 2416 315 2465 dum
332 2417 421 2466 sineret
437 2428 461 2466 et
478 2416 523 2465 sibi
539 2433 612 2483 posse
627 2416 708 2476 foret;

112 2487 185 2536 illisit
200 2487 290 2536 Fausto
307 2489 439 2555 colaphum
456 2489 513 2537 Silla
529 2500 644 2554 generato

162 2560 194 2607 Et
210 2559 382 2626 condiscipulo
400 2560 495 2630 Cassius
512 2560 659 2626 inpavidus;
687 2574 688 2577 ’

39 2676 277 2760 f14¹(abnegat)..(id)rar.
328 2689 348 2722 19
361 2685 470 2722 praetexatus
507 2677 695 2722 23(comi),(tanti)ras.
747 2679 767 2723 36
776 2690 827 2723 posse

47 2733 150 2760 orettnras.
861 2736 863 2740 ’
