2068 3216
186 140 235 201 236

356 215 390 263 ΠΕ
406 214 614 263 utauouaatttaus
630 215 674 262 IX.
696 230 726 261 10

186 356 286 423 Quippe
303 357 472 422 magistratum
485 356 631 422 permittunt
648 355 761 405 scandere
777 357 873 405 nullum

233 428 352 495 Popilios,
369 430 419 476 era't
435 428 472 477 his
489 427 594 493 denique
610 428 648 477 vis
664 428 755 495 potior.

186 499 319 558 Romanos
337 500 422 549 Uticae
438 500 481 565 qui
498 498 627 565 degebant,
643 499 766 548 Adrianus

233 570 342 620 Vexabat
358 588 418 620 sevo
433 570 524 620 lividus
541 571 662 637 imperim

186 643 260 690 Hunc
275 642 342 692 idein
356 643 445 691 vivum
460 642 580 707 rapientes
596 642 654 708 igne
670 655 814 702 cremarunt,

235 713 312 777 Quod
327 731 380 762 non
396 714 512 763 Romanis
529 714 655 781 displicuit
671 713 785 763 dominis.

185 785 318 834 Abscisum
334 786 455 834 Thamiris
472 785 529 850 Cyri
545 797 618 853 caput
633 798 687 834 utre
703 786 808 853 reponit,

235 859 351 906 Humano
367 858 454 923 plenus
472 858 590 922 sanguine
606 858 649 923 qui
665 856 751 916 fuerat,

187 928 225 977 Sic
241 928 332 988 dicens,
350 930 443 996 «exple
458 929 547 988 multo,
564 928 696 987 sitibunde,
713 944 799 977 cruore

236 1001 335 1066 Semper
351 1001 471 1065 expletam
486 1000 535 1048 iam
551 1001 661 1049 satiando
679 1001 760 1049 sitim:

186 1073 252 1120 Haec
268 1071 389 1120 interfecti
406 1073 477 1121 solvo
493 1071 539 1119 tibi
554 1073 661 1139 praemia
677 1072 735 1131 nati,

234 1144 352 1193 Pransum
366 1161 424 1192 cum
437 1144 520 1192 cuneis
536 1160 617 1209 quem,
632 1144 775 1202 truculente,
795 1161 897 1193 necas».
910 1152 922 1189 f.
936 1164 971 1197 99v

185 1215 283 1264 insidiis
300 1216 386 1264 natum
401 1216 461 1264 dum
477 1215 595 1264 Laodices
612 1215 659 1264 sibi
675 1227 772 1281 raptum

234 1287 352 1336 Beronice
368 1288 449 1346 sentit,
465 1287 535 1352 tigris
552 1298 580 1335 ut
596 1287 656 1336 orba
671 1286 761 1346 fremit,

186 1358 335 1408 Conscendit
346 1359 450 1407 currum
465 1359 554 1407 mulier
569 1358 670 1425 clipeata
687 1358 827 1426 superbum,

234 1432 358 1480 Caeneum
373 1431 490 1496 sequitur,
506 1431 592 1478 mortis
608 1430 648 1478 hic
662 1442 747 1478 auctor
761 1443 819 1491 erat,

185 1503 345 1567 Nequiquam
359 1502 421 1550 iacta
437 1503 494 1567 quia
510 1519 562 1549 n0n
577 1503 701 1550 traiecerat
717 1502 792 1562 hasta,

234 1575 379 1623 Percussum
395 1591 452 1622 saxo
465 1572 637 1641 'praecipitavit
653 1589 726 1639 equo,

186 1645 268 1708 Quem
279 1646 404 1704 contrivit,
416 1646 484 1711 equis
497 1659 569 1711 super
580 1644 645 1693 hunc
656 1645 787 1693 calcaribus
799 1646 866 1705 actis,

233 1718 333 1782 Agmen
349 1734 423 1782 agens
440 1732 539 1765 currum
555 1717 652 1765 turbida
667 1732 711 1782 per
727 1717 843 1766 medium.

185 1788 297 1837 Tessalus
314 1790 341 1836 in
356 1789 450 1854 magnis
467 1788 495 1837 fit
510 1788 623 1854 princeps
640 1790 713 1837 Iason
729 1788 841 1849 Athenis,
865 1794 867 1796 ’
901 1798 902 1801 ’

234 1861 311 1909 Persis
328 1861 498 1925 magnanimus
515 1859 578 1908 bella
593 1875 679 1926 parans
696 1861 796 1925 gravia;

185 1932 234 1980 Hic
250 1932 297 1986 sibi
313 1943 448 1998 conquesto
466 1931 561 1980 Taxillo
578 1931 757 1997 gynnosiarcho

235 2004 282 2052 Ter
299 2003 372 2051 denas
389 2003 500 2069 dragmas
517 2003 634 2069 praecipit
650 2003 746 2068 exigere

184 2076 208 2124 A
223 2075 317 2123 cunctis
334 2075 477 2140 singillatim
492 2074 600 2123 Taxillus
617 2073 716 2141 ephebis

234 2147 296 2209 Quis
313 2158 429 2212 praeerat,
446 2146 527 2211 flagris
544 2146 643 2194 caedere
659 2146 685 2194 ni
701 2145 820 2206 dederint,

186 2218 233 2267 Sed
248 2219 367 2267 iuvenum
382 2218 464 2266 nullus
480 2217 561 2265 voluit
577 2218 717 2283 persolvere
732 2217 839 2282 ponduS,

234 2291 302 2356 Ergo
319 2289 452 2338 caeduntur
467 2289 610 2338 verberibus
626 2289 725 2337 nimiis:

184 2362 271 2410 Iasone
287 2361 330 2427 qui
346 2378 417 2409 caeso
434 2372 490 2409 sunt
506 2361 552 2408 ulti
568 2360 669 2409 verbera
684 2359 759 2419 ferro,

232 2434 261 2481 ln
278 2449 329 2500 quo
347 2433 480 2481 Graiorum
495 2429 599 2479 maxima
617 2448 670 2498 spes
686 2432 767 2497 periit.

147 2752 167 2784 ²9
179 2741 271 2783 tra(icerat)
284 2743 300 2774 iu
312 2752 344 2775 ras.
