2068 3216
545 899 557 947 I

316 1003 498 1048 EPITAPHIUS
509 1002 601 1046 PETRI
610 1002 784 1046 ABAILARDI

54 1123 68 1162 f·
79 1135 114 1167 ην
196 1111 256 1166 Non
272 1114 357 1164 obiens
374 1113 437 1162 obiit
453 1114 537 1162 Petrus
553 1112 698 1161 Abailardus
715 1123 739 1160 et
755 1111 822 1161 idem

244 1187 283 1235 Fit
299 1185 359 1234 cinis
375 1185 401 1233 in
416 1184 521 1243 tumulo,
537 1184 601 1233 vivit
617 1195 641 1233 et
656 1184 682 1232 in
697 1184 800 1250 populo,

198 1258 242 1307 Est
257 1258 334 1308 homo
349 1257 390 1306 vel
404 1273 456 1304 non
471 1266 515 1315 est,
531 1254 591 1304 dum
604 1256 699 1304 viveret
713 1267 764 1305 arte
778 1255 906 1321 probabat,

245 1328 315 1378 Mors
331 1329 357 1376 in
373 1327 421 1378 fine
437 1326 484 1376 sibi
493 1343 552 1375 ‘non
567 1328 644 1376 homo
658 1328 711 1376 iure
725 1326 832 1393 probat;

198 1401 265 1466 Ergo
281 1400 443 1449 necessarium
458 1398 617 1465 generaleque
632 1398 690 1447 fecit
706 1399 728 1447 ei
744 1415 810 1448 mors
933 1421 940 1454 ς

245 1472 320 1522 Nunc
331 1471 408 1531 vivat,
420 1471 469 1520 hoc
481 1471 585 1520 domino
597 1470 677 1530 dante,
690 1471 824 1519 monastica
836 1486 906 1529 sors;

198 1543 313 1592 Silvicole
328 1543 401 1592 talem
416 1558 468 1591 non
483 1542 587 1592 dilexere
603 1542 712 1591 sodalem

249 1613 295 1663 Sed
312 1614 440 1663 Cluniacus
457 1614 479 1662 ei
494 1625 558 1662 meta
573 1613 621 1663 fuit
635 1613 710 1673 fidei;

198 1685 268 1735 Muta
283 1684 311 1734 fit
327 1686 416 1745 omnis,
433 1703 463 1734 eo
479 1685 605 1745 defunctu,
620 1684 759 1752 philosofia,

245 1757 337 1822 Logica
352 1756 479 1816 conticuit,
495 1757 587 1806 musica
602 1756 629 1806 fit
644 1757 727 1816 vidua,
921 1779 943 1802 ιο

198 1827 340 1893 Magnifieet
355 1829 424 1877 claris
441 1828 506 1878 hunc
521 1827 632 1878 laudibus
648 1830 685 1877 ala
701 1829 808 1888 scolaris,

247 1900 279 1948 Et
295 1900 443 1965 quicumque
458 1901 529 1965 pium
543 1900 624 1949 laudat
639 1911 703 1948 amat
719 1900 829 1950 studium
841 1919 848 1959 ;

198 1971 258 2020 Non
273 1982 344 2020 voret
360 1987 420 2037 ergo
435 1972 508 2031 lacus,
525 1972 565 2020 cui
580 1972 647 2021 testis
664 1972 731 2021 adest
747 1972 888 2031 Cluniacus,

248 2041 294 2091 Sed
309 2041 422 2107 precibus
437 2042 541 2094 fratrum
555 2060 607 2092 non
622 2043 705 2093 timeat
721 2043 854 2092 baratrum.

543 2186 568 2235 II

426 2290 574 2334 ELOGIUM
589 2291 680 2334 PETRI

56 2410 70 2446 f.
84 2421 117 2456 179
200 2399 291 2449 Omine
306 2400 337 2449 de
351 2411 420 2465 petre
435 2416 527 2451 nomen
542 2401 624 2460 trahis,
641 2401 734 2449 obtime
749 2402 830 2460 Petre,

199 2471 224 2520 A
238 2483 306 2537 petra
322 2472 414 2531 Petrus,
431 2472 462 2521 de
478 2473 549 2521 Petro
565 2484 593 2521 tu
609 2488 708 2539 quoque
724 2474 820 2531 Petru3‚

163 2635 174 2670 6
185 2648 232 2671 nunc
240 2637 288 2672 vivat
296 2639 326 2671 aix
334 2637 363 2681 legi
368 2643 427 2682 potest.
475 2649 522 2671 nunc
530 2640 546 2672 ia
555 2649 604 2681 marg.
615 2650 645 2672 scr.
