2068 3216
241 145 252 188 8

222 157 233 203 3
255 158 271 201 4
443 228 527 261 Passio
543 230 565 262 B.
582 215 705 262 muniti

220 356 266 406 Sed
282 372 338 405 reor
352 356 401 405 hoc
414 356 508 407 factum
523 357 580 422 quia
595 356 682 405 Mauri*
692 373 784 406 nomen
798 356 931 406 honestum

217 429 355 495 Divulgare
367 430 435 477 Deus
449 429 564 488 decrevit,
578 440 675 496 spargat
687 441 715 478 ut
728 428 780 478 eius

217 501 263 549 Per
276 501 384 568 populos
398 499 489 551 famam
502 501 590 551 maiori
604 501 711 550 culmine
727 500 836 566 dignam,

218 573 315 621 Crescat
328 583 357 621 ut
370 571 428 621 inde
443 573 506 621 salus
520 572 623 632 cunctis,
638 573 704 622 hunc
718 573 762 639 qui
775 584 929 622 venerantur.

218 645 270 692 Hac
286 644 380 693 ratione
395 644 463 693 viros
480 644 577 704 excivit,
594 644 637 693 sed
653 644 699 693 sibi
715 655 797 704 notos,
929 651 1002 688 t1⁶0v

218 716 269 778 Qui
285 717 358 765 maris
374 715 491 765 undisoni
508 716 626 765 sulcantes
642 732 749 782 aequora
764 716 845 775 remis,

217 789 428 854 Longe'semotos
445 787 505 837 fines
521 788 601 837 adiere
617 789 761 837 Britannos:

217 860 263 908 Hii
278 860 383 908 tulerant
400 876 482 908 secum
498 859 580 908 Mauri
595 875 685 927 corpus
701 859 884 919 venerandum;

218 933 275 980 Hoc
290 931 326 981 ibi
342 930 494 997 depositum,
507 932 628 981 virtutum
643 932 697 981 luce
712 931 868 991 choruscum,

218 1003 342 1070 Respersit
358 1013 424 1052 totos
442 1015 525 1052 sancto
541 1019 640 1052 rumore
656 1004 793 1052 Britannos.

217 1076 284 1125 Nam
298 1091 345 1142 pro
362 1075 465 1124 diversis
481 1075 612 1124 veniebant
627 1075 737 1141 undique
753 1074 854 1134 morbis,

220 1148 319 1212 Semper
329 1147 396 1196 enim
405 1148 522 1196 Maurum
531 1147 680 1196 comitantur
690 1146 755 1196 dona
765 1146 872 1195 salutum
882 1151 897 1196 :³

218 1219 314 1267 Phebus
330 1219 368 1266 uti
383 1217 484 1267 nebulas
499 1218 617 1284 propellit
632 1219 743 1285 lampade
759 1235 848 1277 caecas,

218 1292 320 1339 Maurus
337 1290 465 1356 langorem
479 1290 572 1339 meritis
589 1291 624 1339 sic
640 1289 741 1358 dissipat
757 1305 864 1338 omnem.

219 1362 348 1429 Hipocrati
363 1361 467 1421 nullum,
485 1362 590 1411 Galieno
607 1362 718 1428 spondeo
735 1361 839 1420 nullum,

219 1434 335 1500 Asclepio
351 1433 449 1482 nullum
463 1433 525 1493 fore,
542 1433 636 1493 Maure,
652 1434 722 1483 voles
738 1432 789 1492 ubi,
806 1433 902 1481 lucrum
911 1451 918 1492 ;

219 1505 309 1554 Nullus
325 1505 431 1564 Peoniis,
447 1504 491 1554 ubi
507 1504 608 1554 Maurus
625 1506 679 1565 erit,
694 1506 764 1554 locus
780 1504 870 1563 herbis,

219 1577 264 1626 Nil
274 1577 326 1643 agit
336 1577 377 1625 hic
388 1593 496 1642 unguen,
508 1577 552 1626 ubi
563 1576 664 1626 Maurus
676 1577 752 1636 adest,
764 1576 932 1635 medicamen;

220 1647 328 1698 Martiris
345 1665 405 1715 ergo
422 1649 483 1697 sacri
498 1652 587 1715 corpus
603 1649 707 1698 coluere
717 1648 834 1707 Britanni,
900 1666 901 1670 ¹

219 1721 308 1769 Donec
324 1721 464 1770 Norrnanni
478 1720 555 1769 fontis
572 1720 631 1786 gens
647 1721 728 1769 nescia
744 1720 805 1768 sacri

220 1792 267 1841 His
283 1792 377 1841 infesta
386 1791 451 1841 foret
467 1806 645 1859 suppremaque
660 1792 766 1859 dampna
781 1803 884 1859 pararet,

222 1863 325 1913 Sordida
341 1863 491 1914 daemonicis
508 1880 569 1929 quae
585 1880 610 1912 se
626 1863 760 1913 devoverat
775 1863 830 1922 aris,

221 1936 292 1998 Quae
307 1952 360 1984 non
375 1936 427 1984 lota
444 1951 514 1984 sacro
527 1935 637 1984 vastabat
651 1947 739 1984 cuncta
755 1934 868 1993 lavacro;

221 2007 287 2055 Hinc
303 2019 327 2056 et
343 2007 495 2057 Christicolis
511 2008 589 2073 magis
604 2007 713 2074 inpacata
729 2007 840 2065 catervis,
904 2032 905 2036 =

222 2079 281 2144 Egit
296 2078 444 2146 multiplices
460 2096 487 2128 ea
503 2095 562 2144 gens
578 2078 706 2146 phanatica
721 2077 813 2127 caedes.

222 2151 335 2199 Testatur
351 2151 467 2211 Turonis,
484 2151 611 2210 Carnotus,
628 2162 652 2199 et
668 2150 832 2208 Aurelianus,

222 2222 348 2283 Beluacus,
366 2221 456 2281 Beldis,
472 2222 579 2282 Lutecia,-
595 2238 671 2270 necne
688 2221 816 2280 Trecassis,

223 2294 336 2354 Pictavis,
352 2294 487 2353 Arvernus,
503 2293 632 2353 Nevernis,
649 2310 692 2342 seu
708 2294 870 2358 Rotomagus,

223 2365 374 2431 Andegavis,
391 2365 492 2425 Biturix,
508 2365 636 2424 Nannetis,
653 2382 695 2414 seu
711 2364 861 2422 Noviomus‚

186 2516 219 2550 419
230 2505 306 2541 undisoli
317 2506 364 2540 Bosco
371 2517 436 2551 equora
442 2507 461 2541 P.
520 2516 553 2548 420
559 2506 661 2540 Brittannos
668 2507 687 2540 P.
752 2515 783 2547 421
795 2503 873 2539 tulerunt
881 2504 933 2538 Basca.

150 2564 184 2595 422
195 2564 288 2588 coruscum
296 2554 358 2588 Basca*
397 2554 429 2596 426
439 2553 520 2588 Phoebus
529 2554 576 2587 Bosco
609 2561 655 2587 ceras
665 2554 684 2588 P.
732 2551 875 2596 4z7langu0tem
883 2552 933 2586 Bosco.

151 2604 183 2643 428
192 2602 296 2645 Hypocrffl,
303 2601 373 2636 Galeno
380 2602 432 2636 Bono.
503 2612 534 2645 431
543 2612 621 2645 unguem
628 2602 641 2635 Ρ
648 2601 700 2635 Bosco.
780 2610 813 2644 432
823 2600 903 2644 martyris
915 2601 933 2633 P.
990 2612 992 2617 ·

151 2659 183 2692 455
204 2650 374 2685 NortmaxmiBosco.
421 2660 455 2693 434
466 2659 580 2693 supremaque
591 2648 654 2683 dainna
664 2649 716 2683 Basca.
764 2658 795 2691 435
808 2646 903 2682 demonicis
915 2648 934 2681 P.

150 2707 184 2740 457
197 2697 283 2740 impacata
293 2697 346 2731 Brsco.
382 2700 413 2740 43⁸
426 2696 476 2731 cedes
487 2697 506 2731 P.
554 2707 587 2741 459
608 2696 706 2730 Aurelianis
718 2697 748 2729 PR
757 2695 809 2729 Burro.
856 2706 889 2737 440
900 2695 935 2729 Lu-

152 2744 201 2786 teria,
213 2756 282 2779 necnon
292 2745 344 2780 Basca.
392 2755 423 2787 441
434 2745 516 2779 Nivemis
525 2744 577 2778 Bosco.
625 2755 657 2787 442
667 2744 740 2778 Nanctis
748 2743 802 2777 sosio.
