2068 3216
846 161 894 208 229

299 227 335 261 on
350 189 560 261 unuouamrmus
576 214 621 262 IX.
642 229 658 273 4
676 242 686 248 -
705 214 750 262 IX.
770 232 778 275 5

182 358 230 407 Pro
246 357 301 423 quis
317 367 375 423 post
391 357 518 405 modicum
532 371 694 423 praenoscens
712 372 736 404 se
751 356 896 423 periturum,

230 429 353 494 Imposuit
368 428 426 476 navi
442 440 536 493 mergat
552 440 580 477 ut
595 429 638 476 has
654 427 752 495 pelago,

183 501 265 567 thue
281 516 363 549 secans
380 500 439 548 altas
455 499 534 548 tenuit
550 500 607 548 ratis
624 500 737 565 aequoris
753 499 839 559 undas,

230 572 356 638 Aspitiens
373 571 425 619 auri
440 571 550 636 pondera
565 571 693 637 paenituit,
911 596 932 628 30

185 644 254 708 Quae
270 643 330 692 dum
346 643 464 691 thesauris
481 643 597 692 revehens
615 642 706 691 claudit
722 641 865 703 tenebrosis,

160 760 161 764 ,
233 716 307 763 Hunc
322 715 444 780 perimens
461 714 539 763 hostis
555 714 596 762 illa
613 714 659 762 sibi
675 714 763 779 rapuit.

460 857 504 900 DE
520 855 619 900 FASTU

531 985 539 1029 5

182 1076 252 1124 Dum
266 1075 435 1140 promulgaret
450 1073 559 1140 patribus
576 1075 696 1122 contraria
711 1075 799 1123 consul

231 1146 340 1205 Fulvius,
357 1156 394 1194 est
409 1145 441 1194 ab
457 1145 491 1193 eis
508 1147 588 1215 sepius
605 1147 771 1205 ammonitus;

183 1218 269 1269 Nollet
285 1217 315 1266 ab
331 1218 430 1283 incepto
447 1216 562 1266 desistere
577 1233 635 1265 cum
650 1218 771 1277 violento,

232 1288 306 1340 Ordo,
321 1301 462 1338 senatorum
478 1288 576 1337 mandat
592 1300 620 1337 ut
636 1289 698 1337 adsit
715 1290 754 1348 ei;

184 1363 249 1427 Egre
264 1360 398 1427 procaedit‚
416 1359 463 1408 sibi
479 1359 626 1427 respondere
643 1360 759 1428 superbit,
924 1383 931 1415 5

231 1431 326 1482 Debuit
342 1431 408 1481 haud
424 1448 503 1480 unum
519 1446 632 1499 spernere
648 1433 682 1480 sic
697 1447 836 1499 procerum.

183 1505 253 1553 Dum
267 1503 335 1571 plebi
350 1504 447 1552 Drusus
464 1502 540 1552 dictat
555 1503 668 1552 mandata
683 1503 805 1565 tribunus,

233 1575 326 1624 Consul
341 1590 419 1641 pauca
435 1575 539 1640 loquens
554 1574 630 1624 verba
645 1574 773 1643 Philippus
789 1575 831 1635 ibi,

184 1647 290 1696 Carceris
306 1646 441 1696 obscurum
457 1646 491 1695 sic
506 1646 677 1714 praecipitatur
693 1647 719 1695 in
734 1659 839 1707 antrum,

231 1717 339 1776 Naribus
356 1735 386 1767 ex
401 1719 453 1766 eius
469 1729 498 1766 ut
513 1734 587 1767 cruor
602 1718 727 1768 efflueret:
912 1741 933 1764 10
959 1743 963 1754 ι

184 1790 257 1839 Curia
274 1805 349 1857 quem
364 1789 464 1838 mandat
479 1790 626 1855 Drususque
641 1790 725 1839 venire
741 1802 842 1850 recusat,

233 1861 298 1910 «Ad
313 1877 353 1909 me
368 1877 412 1909 cur
421 1879 444 1920 >›,
460 1860 522 1920 infir,
539 1879 553 1909 «
562 1878 614 1910 non
629 1862 706 1927 magis
722 1862 764 1911 illa
778 1863 847 1911 venit
863 1862 896 1910 ἒ»

184 1933 266 1982 Paruit
281 1933 334 2000 ipsa
350 1949 404 1992 suo,
420 1932 498 2000 pudet
513 1931 578 1982 heu!
594 1932 683 1981 festina
698 1933 807 1992 tribuno,

233 2004 279 2053 Cui
295 2019 379 2070 parere
394 2004 472 2069 magis
489 2004 530 2052 ille
545 2004 616 2053 ferox
631 2004 723 2053 habuit.

185 2077 303 2141 Egressus
320 2075 417 2124 iavacro
433 2076 565 2142 Pompeius
583 2087 633 2124 erat
649 2076 726 2125 modo
744 2077 837 2136 Gneus,
913 2098 932 2131 15

233 2147 354 2196 Sternitur
370 2147 477 2214 Hipseus
493 2147 559 2196 iilius
576 2147 728 2215 antepedes,

184 2218 283 2269 Nobilis
300 2217 340 2266 hic
356 2234 410 2267 reus
427 2218 562 2267 ambitione
578 2219 621 2268 sed
637 2219 689 2267 eius
705 2220 805 2279 amicus,

233 2290 316 2352 Quem
332 2290 379 2339 sibi
394 2301 546 2356 prostratum
561 2306 658 2339 cernere
674 2308 719 2339 nec
735 2291 833 2340 voluit:
853 2339 854 2342 ,

184 2361 218 2411 At
235 2361 345 2427 queritur
360 2372 456 2427 partam
472 2361 518 2409 sibi
534 2377 578 2410 cur
593 2362 672 2410 tardet
687 2376 759 2429 prece
775 2378 885 2422 coenam,

233 2434 265 2481 Et
281 2433 394 2482 coenavit
410 2450 441 2482 eo
456 2433 492 2482 nii
508 2433 623 2482 miserans
639 2433 730 2483 animo¹
913 2456 935 2478 20

186 2503 293 2564 GaudeS,
310 2504 414 2563 Antoni,
431 2505 509 2571 capite
524 2505 598 2553 allato
614 2505 660 2553 tibi
676 2505 740 2564 Rufi,

234 2577 343 2624 Horrent
359 2576 480 2625 convivae
495 2576 580 2641 nilque
594 2577 697 2643 pudoris
714 2577 796 2636 habes,

186 2647 283 2714 Accipis
300 2647 326 2696 in
342 2647 454 2696 manibus
471 2664 601 2715 versasque
617 2648 709 2696 diutius
725 2648 795 2708 iliud,

235 2719 395 2784 «Ignotus»,
412 2719 481 2777 dicis,
499 2737 513 2766 r<
522 2720 561 2767 vir
576 2718 624 2767 fuit
639 2720 684 2768 iste
700 2720 775 2768 michi
784 2738 816 2779 »3
