2068 3216
844 143 854 174 1

328 216 362 248 DE
377 213 587 248 Muuoaauuruus
603 198 646 246 IV.
667 215 676 245 1
824 143 838 191 9

147 342 218 391 Unde
234 340 308 390 refers
325 342 418 400 comiti,
436 359 450 388 «
459 359 497 400 ne,
506 340 593 389 ‘dulcis
609 341 694 400 amice,
711 342 827 406 graveris,

196 413 332 462 Clausimus
348 413 395 479 ipsi
411 413 481 462 aedes
498 412 559 461 dum
573 411 666 460 fuimus
683 427 828 479 proceres».

146 485 265 533 Aemulus
282 496 362 533 astuto
378 484 456 533 fuerat
473 485 567 549 collega
585 484 706 550 Stasippo,

195 557 268 606 Utilis
284 556 325 604 ille
341 573 397 604 suae
413 557 473 605 civis
490 568 540 605 erat
555 556 663 622 patriae;

147 628 301 695 Compellant
317 639 416 676 cautum
431 629 530 693 cognati
547 643 618 694 saepe
635 628 775 694 Stasippum

194 700 269 750 illum
285 699 437 758 submoveat,
454 716 485 748 ne
502 699 548 748 sibi
564 699 651 747 obesse
668 711 757 764 queat;

146 771 215 820 Dicit
230 770 293 820 ferre
309 779 409 837 gravem
424 772 498 836 gratis
516 789 540 820 se
556 771 620 819 velle
636 770 753 830 sodalem,

195 843 259 893 Urbs
276 855 354 891 careat
370 854 439 891 tanto
455 860 486 891 ne
501 842 602 891 viduata
617 843 681 891 viro.

145 916 215 964 Dum
230 915 361 981 piscatores
378 915 404 962 in
420 914 516 963 Milesia
532 915 633 980 regione

194 986 351 1036 Verriculum
365 986 494 1046 traherent,
512 1003 566 1034 ecce
582 986 621 1035 vir
636 986 785 1034 adveniens!

147 1059 214 1106 Emit
230 1076 287 1108 eum
303 1058 394 1107 iactum
409 1074 484 1123 quem
498 1057 624 1124 praeberet
641 1057 687 1106 sibi
702 1056 789 1116 fatum,

194 1130 335 1179 Extrahitur
352 1129 418 1178 salsis
435 1146 506 1184 aurea
522 1146 605 1178 mensa
620 1129 707 1188 vadis;
762 1173 763 1176 ,

146 1202 263 1251 Exoritur
278 1217 325 1268 pro
342 1218 389 1268 qua
405 1217 464 1249 mox
480 1201 647 1250 controversia
662 1200 748 1259 multa,

194 1273 306 1322 Mensam
323 1274 414 1340 quippe
431 1290 500 1321 suam
514 1272 595 1338 litigat
611 1283 708 1339 emptor
724 1289 794 1321 eam:

145 1345 225 1393 Pisces
241 1362 293 1393 non
309 1360 396 1393 aurum
410 1357 495 1410 pactos
511 1345 548 1393 illi
563 1343 617 1392 fore
633 1344 726 1402 dicunt,

194 1417 337 1465 Consulitur
353 1416 457 1475 Phebus,
474 1416 564 1465 iudicat
580 1415 628 1464 hoc
644 1415 761 1482 populus,

145 1489 203 1536 Vox
217 1506 231 1536 a
247 1489 341 1537 cortina
358 1488 441 1536 sonuit
457 1488 560 1553 caligine
575 1487 654 1554 plena,

194 1560 257 1608 «llli
273 1559 345 1608 caede
361 1560 435 1625 tripes
453 1560 496 1626 qui
512 1560 644 1626 sapientior
660 1570 718 1607 est»
731 1578 737 1617 ;

145 1630 238 1680 Iuditio
253 1631 342 1698 populi
358 1631 464 1679 donatur
480 1647 563 1679 mensa
580 1630 685 1688 Thaleti,

193 1703 232 1751 De
249 1714 343 1770 septem
358 1702 437 1751 doctis
454 1702 574 1751 maximus
590 1702 635 1750 iste
650 1701 706 1760 fuit,

146 1773 197 1835 Qui
214 1774 289 1823 donat
306 1774 370 1832 Biae,
387 1775 442 1822 Bias
459 1775 542 1822 Pitaco
559 1774 599 1822 dat
616 1773 712 1832 habere,

194 1846 289 1894 Ordine
304 1845 415 1912 possedit
431 1846 548 1912 septimus
565 1846 613 1894 hoc
629 1844 770 1911 tripodam;

96 1962 98 1965 ,
145 1916 189 1966 Ille
205 1934 278 1982 sagax
294 1917 377 1966 Phebo
394 1918 515 1966 concessit
530 1917 619 1965 habere
635 1932 734 1975 canoro,

193 1990 250 2038 Vox
266 1990 353 2037 emissa
369 1990 441 2037 sacris
458 1989 550 2037 dixerat
565 1989 614 2036 hoc
630 1988 709 2036 aditis

1 2069 49 2113 f.40
145 2060 279 2109 Constituit
294 2061 388 2125 primus
405 2060 588 2109 Lacedemoniis
606 2059 783 2126 Theopompus

193 2133 245 2180 Rex
261 2132 376 2198 ephoros,
393 2132 436 2197 qui
453 2133 487 2181 sic
503 2131 601 2197 regibus
618 2131 736 2198 oppositi,

145 2204 179 2251 Ut
195 2214 252 2251 sunt
267 2203 410 2252 consulibus
425 2203 492 2270 plebi
508 2203 660 2252 dominando
676 2201 778 2260 tribuni,

193 2276 253 2324 Non
269 2275 375 2324 sinerent
391 2291 460 2341 reges
477 2274 572 2323 civibus
589 2292 641 2323 esse
657 2290 761 2339 graves3

145 2346 243 2394 Coniux
257 2345 311 2394 infit
327 2347 358 2406 ei,
375 2362 442 2395 «cur
456 2347 589 2413 imperium
604 2346 715 2394 minuisti
730 2346 742 2393 ?

193 2418 246 2467 Fiet
261 2429 377 2467 natorum
391 2434 464 2485 posse
480 2418 561 2466 minus
578 2418 653 2466 solito
663 2435 694 2476 »3
861 2439 895 2461 200

145 2490 204 2549 Rex,
221 2490 358 2549 «minus»,
375 2490 463 2557 inquit,
474 2490 543 2538 «erit
558 2489 677 2555 prolixius
687 2500 711 2536 at
722 2487 768 2537 sibi
777 2503 858 2552 posse,

193 2563 267 2610 Posse
282 2560 308 2609 id
324 2562 423 2627 longius
440 2573 477 2610 est
493 2561 561 2627 quod
578 2560 726 2609 mediocrius
743 2571 811 2608 est».

109 2731 140 2771 189
152 2727 247 2771 (thale).(ti)
259 2739 291 2762 ras.
341 2738 373 2771 194
384 2727 469 2771 (a).(ditis)
481 2739 513 2761 ras.
