2068 3216
157 155 165 184 r
174 139 203 186 16

341 227 374 259 DE
390 226 603 260 Mauournmreus
613 214 643 261 V.
664 230 673 260 1

154 354 237 419 Strage
255 354 368 402 Siracusis
385 371 398 401 a
415 371 439 402 se
454 355 549 403 victore
564 354 666 414 refertis,

201 425 283 473 Plorat
298 424 428 473 Marcellus
444 425 493 474 fata
508 442 607 492 gemens
623 427 752 493 populum.

153 494 253 544 Moenia
269 496 329 545 dum
344 497 421 562 cingit
437 496 573 546 Celtobrica
589 498 665 547 caelsa
681 498 804 559 Metellus,

202 568 356 633 Rethogenes
372 570 454 617 castris
470 569 580 634 iungitur
596 570 731 629 Ausoniis;

153 639 267 688 Machina
283 640 432 688 construitur
448 656 509 705 quae
525 641 599 689 celsas
616 652 724 690 conterat
740 658 814 702 arces,

202 711 340 777 Opponunt
356 712 421 760 cives
438 712 587 778 Rethogenis
604 713 723 773 sobolem,

154 781 205 843 Qui
219 783 307 849 perimi
323 795 402 842 natos,
418 782 476 831 urbs
492 795 520 832 ut
536 795 668 851 caperetur,
684 784 778 844 avebat,

201 855 270 902 Dum
286 855 351 902 cives
367 855 427 903 odio
442 856 596 922 persequitur
604 856 690 916 nimio,

153 924 246 973 Urbem
262 924 366 991 discingi
381 927 443 974 iusta
458 927 547 993 pietate
563 925 676 976 Metellus

201 998 248 1045 Pro
264 998 345 1064 pueris
362 1009 444 1046 motus
460 997 591 1047 obsidione
606 999 690 1058 iubet;

153 1067 255 1117 Civibus
270 1068 311 1117 illa
328 1070 383 1117 satis
400 1069 527 1118 clementia
542 1081 609 1134 grata
625 1070 742 1136 probatur

202 1140 295 1189 Urbem
310 1156 416 1208 namque
431 1157 501 1189 suam
517 1158 590 1208 seque
606 1141 694 1190 dedere
710 1142 774 1191 duci.

154 1211 235 1279 Scipio
250 1213 373 1279 posterior
388 1212 463 1260 mittit
480 1212 625 1278 Carthagine
641 1224 709 1280 capta

200 1284 242 1333 Ad
260 1284 349 1332 Siculas
365 1283 445 1342 urbes,
462 1295 490 1331 ut
507 1301 549 1332 sua
565 1284 713 1350 susciperent

153 1355 303 1404 Ornamenta
319 1355 368 1403 suis
385 1371 398 1402 a
414 1356 501 1403 Poenis
518 1367 586 1403 eruta
600 1356 695 1422 phanis,

201 1428 233 1475 Et
248 1441 292 1493 per
309 1425 402 1492 legatos
421 1425 505 1493 dirigit
521 1426 562 1474 illa
578 1443 642 1475 suos.

153 1499 242 1547 Hastae
258 1498 380 1547 subiectos
397 1497 457 1546 dum
471 1509 569 1564 praetor
584 1498 700 1547 venderet
716 1499 767 1547 eius

201 1570 326 1637 Captivos,
343 1570 430 1618 missus
447 1582 483 1618 est
498 1584 560 1635 puer
575 1570 685 1629 eximius,

151 1641 230 1690 Audit
236 1641 296 1690 dum
305 1641 440 1691 Numidam
447 1640 509 1699 fore,
517 1641 577 1689 dum
585 1642 691 1707 patrium
701 1640 860 1701 Masinissam,

200 1715 297 1762 Fecerat
312 1712 417 1761 infidum
432 1713 522 1762 Punica
537 1711 603 1761 fraus
619 1726 731 1779 puerum,

155 1802 169 1832 «
178 1784 274 1834 Aureus
290 1784 409 1844 anulus»,
425 1784 513 1851 inquit,
531 1795 576 1832 «et
592 1799 664 1832 aurea
678 1783 754 1832 fibula
770 1784 848 1844 detur,

200 1856 270 1906 Idem
285 1856 404 1905 clavatam
418 1856 535 1922 percipiat
551 1856 665 1914 tunicam,

152 1928 259 1976 Ponetur
274 1928 354 1992 Paleris
372 1928 470 1993 sonipes
485 1937 585 1975 ornatus
602 1937 626 1974 et
641 1938 718 1985 ostro,

200 1994 303 2049 Prebent
319 2000 464 2067 Hispanum,
481 2009 585 2066 praetor,
602 1998 625 2046 ei
641 1998 754 2063 sagulum
763 2015 796 2056 »;

152 2070 307 2119 Gaudentem
322 2070 445 2120 Numidae
459 2084 565 2137 puerum
580 2070 655 2117 mittit
671 2069 821 2129 Masinissae,

200 2143 344 2209 Complures
360 2142 453 2209 equites
470 2140 558 2190 dantur
574 2140 596 2189 ei
612 2141 722 2189 comites.

151 2213 221 2262 Persa
238 2214 344 2262 deducto
360 2214 447 2262 Paulus
464 2213 540 2261 Paulo
555 2222 610 2260 ante
626 2213 722 2260 tiranno
861 2224 909 2269 f.50

200 2286 321 2344 Occurrit,
338 2286 416 2333 cultus
433 2283 539 2333 cultibus
555 2284 659 2349 imperii,

150 2356 280 2424 Allapsum
295 2356 398 2422 genibus
414 2356 478 2405 levat
494 2366 518 2403 et
533 2353 614 2403 verbis
630 2355 670 2420 pie
686 2355 784 2413 mulcet,

199 2429 304 2495 Precipit
319 2439 347 2476 ut
363 2444 446 2476 secum
460 2426 577 2494 prandeat
593 2437 617 2474 et
633 2424 722 2485 sedeat,

151 2500 183 2548 Et
199 2500 255 2566 quia
271 2500 369 2549 virtutis
386 2500 416 2547 sit
432 2500 537 2557 vincere,
553 2511 651 2563 parcere
666 2497 752 2556 laudis,

198 2573 283 2620 Persae
298 2573 349 2619 vita
365 2570 436 2619 datur
452 2570 483 2618 sit
498 2570 554 2617 licet
570 2569 704 2616 inmeritus.

115 2743 134 2782 87
146 2737 216 2773 hastae:
228 2738 240 2772 h
251 2745 329 2782 suprascr.
