2068 3216
218 155 264 210 148

397 239 432 273 DE
447 238 654 279 Murroanurmuus
671 225 714 274 VI.
733 242 744 287 3

215 365 314 414 Praedia
329 366 439 434 primatis
456 366 549 434 reliqua
564 377 589 415 et
605 366 670 415 bona
686 365 796 416 subdidit
812 367 901 428 hastae,

263 437 308 486 ille
324 436 480 487 tribunorum
496 436 634 492 subsidium
648 439 731 505 peciit,

216 507 263 557 Sed
279 509 315 558 nil
329 508 443 577 profecit,
459 525 517 558 narn
532 509 619 558 consul
635 509 748 566 vendidit
762 510 845 577 ipsum

264 581 297 628 Et
313 579 361 629 sibi
377 597 438 648 quae
454 579 557 640 fuerant,
573 580 633 634 haec
648 581 681 629 ita
698 580 824 641 subitiens,

217 651 313 700 «Utilis
330 663 366 700 est
381 651 472 719 patriae
487 652 548 701 civis
565 653 608 720 qui
623 665 706 718 pareat
721 654 810 714 omnis,

265 723 289 772 Si
304 738 389 790 parere
404 735 491 783 tumes,
508 723 570 772 civis
585 724 679 773 inutilis
696 741 721 774 es
730 742 753 773 ›>.

216 794 366 844 Trinacriam
381 811 484 861 regeres,
500 795 610 856 Domici‚
627 795 688 844 dum
703 807 769 845 sorte
784 795 909 858 tributam,

264 867 309 915 Est
324 866 409 915 allatus
426 881 484 934 aper
499 883 602 932 magnus
619 867 711 935 etipse
726 868 818 927 nimis3
840 899 841 902 =

216 937 341 987 Pastorem
355 937 414 987 facis
431 938 520 987 adduci
536 939 579 1006 qui
594 938 679 988 fixerat
693 938 772 999 illum,

264 1008 376 1059 Venablo
393 1009 470 1059 fixum
485 1010 529 1076 qui
544 1009 590 1059 tibi
606 1009 666 1059 dicit
682 1025 800 1078 aprum;¹

215 1081 326 1130 Dictaras
343 1081 438 1147 gladios
454 1082 480 1148 in
495 1081 560 1148 agris
576 1093 604 1130 ut
619 1081 701 1131 nullus
718 1081 824 1142 haberet,

265 1152 373 1202 Crimine
388 1153 512 1202 latronum
527 1153 609 1219 perdis
625 1153 659 1202 ob
675 1153 724 1202 hoc
740 1154 864 1203 miserum.

216 1224 351 1274 Debellasti
366 1236 414 1287 tres
430 1236 466 1284 ut,
483 1225 565 1284 Oraci,
582 1225 633 1274 dux
649 1225 765 1285 Curiates‚

266 1296 345 1346 Saevo
360 1312 501 1362 germanam
516 1295 632 1356 confodis
649 1313 705 1361 ense
720 1307 805 1358 tuam3

217 1367 343 1417 Fundebat
358 1368 468 1416 lacrimas
484 1368 589 1417 Curiatis
606 1382 696 1435 sponsa
711 1368 832 1436 profusas,

264 1439 305 1488 De
321 1454 413 1506 sponso
429 1440 516 1506 pocius
533 1439 603 1487 anxia
619 1455 693 1506 quam
708 1440 802 1506 patria;

216 1511 311 1560 Iudicat
324 1528 376 1560 esse
390 1527 460 1560 reum
471 1511 550 1578 plebs,
564 1511 648 1559 horret
661 1511 728 1559 enim
740 1527 814 1576 grave
827 1510 929 1570 factum,

265 1582 363 1631 Liberat
377 1583 430 1650 ipse
445 1594 514 1650 pater
529 1582 636 1636 obitiens
651 1583 762 1649 patriam.

216 1655 364 1703 Incestarant
379 1671 441 1722 quae
457 1670 522 1703 sacra
538 1653 680 1702 Bachanalia
695 1665 793 1720 nuptae,

267 1726 328 1774 Sunt
343 1725 537 1793 condempnatae
552 1725 653 1774 consule
668 1726 805 1785 Postumio,

218 1797 285 1859 Quas
300 1796 364 1846 infra
379 1797 494 1865 proprios
509 1796 600 1845 fatiunt
614 1796 725 1862 iugulare
740 1809 839 1864 penates
917 1850 919 1852 ,

265 1869 361 1918 Harum
376 1879 501 1935 cognatae,
518 1884 571 1917 non
585 1868 673 1934 inopes
689 1868 772 1917 animi.

217 1939 325 1990 Crimine
340 1940 463 1989 Publiciae
478 1941 537 1998 ruiS,
553 1956 570 1988 o
585 1938 685 2004 Albine,
701 1956 806 1999 veneno,

264 2012 371 2061 Liciniae
386 2023 457 2079 potu,
472 2011 544 2060 fortis
560 2011 651 2070 Asello,
667 2011 732 2077 peris
742 2029 751 2070 ;¹

217 2084 267 2132 Has
283 2083 371 2150 punire
386 2083 472 2132 iubent
486 2082 553 2132 fetro
570 2081 685 2131 caedente
699 2083 861 2150 propinquae,
904 2106 906 2109 v

265 2154 485 2223 Obprobriumque
502 2154 540 2203 sui
556 2154 590 2202 sic
606 2152 706 2202 abolent
721 2155 825 2219 generis.

217 2227 287 2289 Quae
302 2226 396 2276 biberat
411 2226 578 2293 vinumperit
593 2240 656 2273 uxor
670 2224 855 2284 fusteMetelli,
919 2259 920 2268 2

264 2299 326 2348 Non
341 2308 466 2347 accusatus
482 2314 528 2346 nec
544 2296 704 2362 reprehensus
720 2297 740 2345 is
758 2308 801 2356 est,

217 2370 315 2419 Femina
331 2386 389 2419 nam
403 2370 492 2418 vinum
508 2385 569 2435 quae
586 2368 717 2434 sumpserit
731 2367 892 2427 inmoderate,

264 2442 331 2490 Haec
346 2440 445 2490 virtutis
462 2456 544 2506 egens,
560 2439 629 2488 dives
646 2439 691 2501 erit
706 2440 786 2489 viciis.

217 2512 303 2561 Gallus
320 2528 381 2562 vero
397 2528 466 2561 suam
481 2511 574 2560 dimisit
590 2522 614 2560 et
629 2510 681 2576 ipse
697 2512 817 2569 maritam,

180 2666 200 2697 41
211 2654 307 2699 (sed)..(nil)
319 2666 352 2689 ras.
411 2665 432 2698 45
445 2654 521 2688 domici:
534 2665 546 2687 0
557 2655 586 2696 sig.
598 2664 628 2687 ror.
640 2659 719 2697 suprascr.
775 2665 794 2697 51
807 2654 865 2688 oraci:
878 2666 890 2688 o
905 2657 936 2697 sig.

145 2714 175 2737 ror.
184 2710 262 2747 suprascr.
314 2714 334 2747 52
345 2713 386 2737 ense
395 2711 443 2737 tuam
451 2704 468 2736 in
475 2714 507 2736 ras.
517 2700 539 2735 al.
548 2712 589 2735 marr.
642 2700 663 2734 62
672 2701 735 2735 aselle:
746 2713 758 2735 ο
769 2704 798 2745 sig.
809 2712 839 2736 ror.
852 2709 921 2746 suprm

145 2750 167 2784 66
178 2750 340 2795 (reprehensuros)
351 2762 383 2784 ras.
