2068 3216
860 171 891 203 22

316 241 350 275 DE
366 240 575 276 Mnuounuumus
591 227 637 275 IX.
656 242 669 274 2
685 254 695 262 -
711 226 757 275 IX.
776 244 787 288 5
895 172 910 218 7

197 370 272 420 Fidos
287 370 329 419 ille
345 368 392 418 sibi
407 369 480 419 tradit
496 370 547 419 sine
563 369 665 419 crimine
681 369 756 418 morti

246 442 325 491 Ocior
340 440 398 490 hinc
413 441 514 508 zephiro
530 440 628 490 trahicir
643 441 711 490 hasta
726 441 823 500 Dirum,

197 514 285 562 Insons
301 512 406 563 obiceris
423 529 491 573 sevo,
507 513 666 573 Lisimachae‚
681 512 757 572 leoni,

245 585 280 633 At
296 584 453 634 Callistenem
468 584 576 633 desecuit
592 584 695 650 gladius.

484 725 528 769 DE
542 725 624 771 ODIO

545 853 555 898 5

197 944 238 992 Bis
254 943 447 992 binosnumero
464 942 668 1009 Carthaginiensis
684 943 794 992 Amilcar

246 1015 367 1064 Sublimes
383 1014 467 1062 animo
483 1014 617 1081 progenuit
631 1029 730 1081 pueros,

197 1087 269 1136 Unde
284 1085 398 1136 leoninos
414 1085 524 1135 totidem
535 1086 628 1136 nutrire
643 1086 743 1135 catellos

246 1160 339 1208 Romae
356 1172 516 1225 suppremum
531 1158 603 1205 iactat
618 1157 645 1205 in
660 1158 780 1217 exitium;

196 1229 297 1279 Fallitur
312 1229 368 1279 hic:
385 1230 412 1277 in
426 1228 557 1296 pernitiem
572 1229 725 1294 Carthaginis
741 1230 803 1278 altae
938 1250 945 1282 5

246 1302 304 1349 Hos
316 1302 385 1359 aluit,
402 1300 457 1349 finis
473 1300 532 1349 haec
547 1299 675 1349 manifesta
690 1300 756 1349 facit.

197 1373 247 1422 Vix
261 1373 349 1422 novies
366 1372 445 1420 solem
460 1383 618 1438 conspexerat
633 1371 812 1437 ingredientem

246 1445 332 1493 Cancri
347 1443 480 1511 precellens
496 1442 605 1492 Annibal
621 1443 766 1510 hospitium,

198 1515 350 1564 Sacrificante
367 1530 443 1564 sacras
459 1525 529 1582 patre
544 1514 606 1564 dum
621 1532 647 1563 sc
662 1515 726 1564 iurat
740 1515 772 1564 ad
787 1530 840 1564 aras

246 1588 352 1636 Hostem
367 1586 474 1636 Romani
489 1597 636 1654 perpetuum
651 1587 747 1655 populi,
926 1609 952 1633 ιο,

196 1658 363 1724 infligensque
378 1657 468 1725 pedem
483 1658 573 1717 telluri,
588 1658 691 1724 pulvere
707 1673 799 1726 sparso,

246 1731 411 1796 «Utraque»,
422 1729 491 1789 dixit,
502 1746 516 1776 «
525 1740 563 1778 eat
579 1728 659 1778 donec
667 1730 693 1778 in
701 1730 767 1779 hunc
775 1728 895 1789 habitum,

196 1800 301 1851 Infestae
318 1800 364 1851 sibi
381 1812 437 1850 sunt
453 1802 533 1850 Roma
549 1811 573 1849 et
590 1801 712 1867 Carthago
728 1801 833 1861 futurae,

245 1874 299 1922 Nec
314 1873 446 1938 quisquam
460 1873 527 1939 pacis
543 1872 688 1921 conciliator
703 1874 749 1922 erit
758 1891 780 1922 ».

196 1946 267 1993 Dum
281 1944 403 2011 pectendo
420 1955 493 2011 caput
508 1944 593 2009 regina
610 1944 748 1993 Semiramis
764 1956 844 2003 ornat,
927 1966 946 1999 ις

245 2016 314 2064 Parte
330 2015 478 2082 capillorum
492 2015 542 2063 iarn
557 2015 619 2064 bene
635 2016 781 2081 composita,

196 2088 253 2136 Pars
259 2087 490 2152 humerumtegeret
496 2086 666 2136 cumnecdum
672 2099 771 2155 compta
778 2088 912 2147 sinistrum,

245 2159 336 2207 Vectus
352 2158 477 2207 anhelanti
492 2159 593 2207 nuntius
609 2157 663 2207 infit
679 2175 761 2225 equo:

198 2248 212 2277 «
222 2229 346 2279 Subtrahit
361 2246 375 2278 a
390 2230 479 2278 vestris
496 2246 547 2279 sese
563 2228 691 2279 Babilonia
707 2231 816 2298 sceptris,

244 2301 389 2350 Pertractate
405 2301 456 2349 cito
473 2301 534 2367 quid
549 2302 628 2350 valeat
643 2300 696 2350 fieri
705 2303 737 2352 »l
924 2324 947 2347 20

196 2373 287 2421 Partim
302 2373 407 2421 collecto
423 2373 514 2438 partim
530 2388 591 2439 quae
607 2372 673 2421 crine
690 2374 772 2422 soluto

245 2443 308 2492 Mox
323 2443 467 2493 conscendit
483 2460 583 2510 equum,
599 2443 669 2493 miles
686 2461 740 2493 earn
756 2445 874 2511 sequitur,

196 2516 250 2565 Nec
265 2515 341 2564 solvit
356 2527 471 2582 comptos
488 2515 566 2564 crines
583 2516 721 2582 compsitve
737 2517 832 2565 solutos

244 2586 323 2637 infida
339 2586 419 2636 donec
435 2585 496 2636 urbe
511 2587 591 2653 potita
606 2586 672 2646 fuit3

161 2716 192 2748 152
202 2692 406 2749 Ditum=Clitum,cf.
420 2704 476 2739 Vara.
488 2704 545 2747 Max„
556 2716 583 2748 nr,
593 2717 608 2750 3,
620 2707 663 2741 Ext.
677 2717 692 2740 1.
718 2718 733 2751 3,
758 2705 913 2750 shosphimmh

124 2759 203 2798 suprascr.
254 2755 273 2787 18
284 2752 383 2787 anhelanti:
393 2752 494 2797 hsuprascr.
