2068 3216
217 168 227 199 1
250 154 264 203 6

233 169 247 214 7
386 240 420 273 DE
435 238 641 273 arrlrouamtruus
657 224 711 272 VII.
732 241 741 286 3

259 367 420 416 Subdiderant
436 367 512 416 vafria
529 367 571 434 qui
587 366 633 415 sibi
649 366 757 426 mirifica,

210 440 261 502 Qui
277 438 373 488 fuerant
388 438 419 487 ad
435 456 477 487 eos
494 437 540 487 sibi
556 449 681 487 consortes
697 439 862 505 perimendos,

258 511 360 559 Pactum
374 509 487 559 nondum
502 526 544 558 rex
558 510 596 559 his
612 510 707 577 pepigit
722 511 829 561 Darius:

210 582 364 631 Constituere
380 581 464 630 locum
479 597 578 630 cursum
593 581 698 630 facerent
714 593 741 630 ut
757 582 783 630 in
799 599 884 645 unum,

258 655 341 720 thue
356 653 438 702 forent
453 653 479 701 in
495 654 563 721 equis
579 653 733 720 praepetibus
749 654 833 721 positi,

210 726 324 774 Hinniret
340 726 409 773 cuius
425 725 543 774 iuvenum
559 726 656 793 sonipes
672 725 707 773 ibi
722 725 824 792 primus,

258 798 385 846 Persarum
400 813 504 862 regnum
520 797 651 864 susciperet
668 797 791 857 solidum余

209 869 324 934 Armiger
340 868 397 916 hinc
412 869 490 928 Darii,
506 885 598 917 nomen
613 868 660 917 fuit
677 868 770 917 Ebarus
786 869 830 930 illi,

257 941 373 1007 Repperit
389 951 497 988 astutum
512 956 586 1007 quam
602 941 652 989 cito
668 941 815 1000 consilium余

209 1014 301 1061 Levam
316 1011 400 1060 mersit
416 1028 492 1076 equae
506 1023 601 1078 partem
616 1010 684 1061 vafer
699 1012 725 1060 in
741 1013 879 1078 genitalem,

258 1084 321 1132 Solis
337 1084 363 1132 in
379 1094 464 1131 exortu
481 1083 541 1132 dum
556 1084 647 1149 petiere
662 1084 753 1144 locum,

210 1155 296 1203 Subdit
313 1156 369 1221 equi
385 1155 465 1203 levam
480 1155 569 1203 vulvae
585 1171 659 1220 quam
674 1156 758 1204 mersit
774 1157 876 1221 equinae

256 1227 371 1286 Naribus,
388 1226 496 1275 hinnitus
513 1226 618 1275 reddidit
634 1227 674 1275 ille
690 1226 772 1286 feros余

208 1298 273 1346 Ante
288 1298 362 1364 pedes
379 1298 449 1346 Darii
465 1298 551 1363 reliqui
569 1310 708 1347 sternuntur
723 1298 819 1365 ephebi,

257 1371 350 1435 Regem
365 1370 516 1435 proclamant
533 1386 584 1418 esse
600 1386 672 1419 suum
687 1371 799 1419 Darium.

209 1442 247 1490 Sic
262 1441 288 1488 in
304 1441 413 1489 amicicia
429 1442 483 1490 Bias
500 1441 587 1490 debere
603 1457 699 1490 manere

257 1513 291 1561 Te
308 1523 400 1572 monet,
417 1525 445 1561 ut
461 1524 533 1561 cauto
549 1514 673 1561 contineas
690 1513 771 1561 animo

209 1585 250 1633 Ad
266 1584 336 1633 duras
353 1584 496 1633 inimicicias
512 1584 569 1632 hinc
584 1601 657 1650 posse
672 1585 763 1644 venire,

256 1657 290 1705 Ut
305 1668 363 1720 post
377 1657 485 1724 peniteas
502 1656 537 1705 sic
552 1673 597 1704 nec
613 1672 691 1704 amare
707 1656 830 1722 aliquem余

208 1727 284 1790 Quod
300 1728 356 1776 licet
372 1728 501 1777 adversum
516 1727 627 1776 videatur
643 1727 799 1794 simplicitati,

257 1799 312 1861 Qua
329 1815 423 1866 semper
438 1815 499 1865 pura
515 1798 604 1864 gaudet
620 1799 736 1859 amicicia,

208 1872 232 1920 Si
249 1883 330 1920 tamen
345 1871 468 1931 adtendas,
485 1871 579 1920 dictum
594 1871 666 1918 nimis
683 1872 743 1920 utile
758 1887 849 1931 cernas,

257 1942 280 1991 Si
296 1943 382 2009 placet,
399 1954 499 2010 experto
516 1942 611 1990 credere
627 1958 658 1990 ne
674 1958 767 1991 renuas.

207 2013 307 2063 Moenia
323 2031 411 2080 magna
428 2015 465 2062 sui
481 2014 620 2063 subvertere
637 2013 720 2079 flagrat
736 2015 828 2063 alumni

254 2085 319 2134 Acer
334 2086 471 2135 Alexander
485 2086 546 2135 lenis
562 2085 736 2145 Anaximenis3

207 2157 304 2207 Obvius
320 2170 347 2205 ut
362 2170 477 2224 properet
492 2157 544 2223 regi
559 2157 653 2223 peciere
669 2158 784 2223 magister

255 2229 314 2277 Eius
330 2229 452 2288 concives,
468 2230 565 2294 mitiget
580 2240 608 2276 ut
623 2228 738 2293 rigidum,

205 2301 280 2349 illum
294 2315 367 2367 posse
383 2301 462 2348 sciunt
477 2301 545 2349 audit
562 2301 605 2367 qui
620 2311 678 2349 vota
695 2316 804 2359 suorum,

255 2372 386 2421 Moenibus
402 2389 526 2438 aegressus
543 2371 632 2420 obvius
648 2372 667 2419 it
682 2371 773 2431 iuveni,

207 2445 288 2506 Quem
304 2460 345 2492 rex
360 2456 387 2492 ut
403 2444 473 2504 vidit,
490 2444 579 2492 iuravit
593 2443 702 2492 fervidus
718 2444 753 2492 ira

254 2517 314 2564 Non
331 2532 355 2564 se
371 2515 493 2564 facturum
509 2515 576 2582 quod
592 2514 704 2582 petiisset
720 2532 793 2573 eum3

205 2587 248 2635 Ille
265 2586 416 2635 vaframento
432 2588 483 2653 regi
500 2587 625 2653 respondit
640 2598 720 2646 acuto,

169 2763 191 2796 94
202 2752 267 2787 vastia:
279 2752 288 2786 f
297 2759 376 2796 suprascr.
424 2758 460 2786 nota
468 2754 484 2786 in
492 2764 540 2796 marg.
550 2751 571 2787 al.
580 2764 620 2787 man,
629 2754 693 2797 scritta.
