2068 3216
223 196 235 226 2
258 197 272 227 Ο

240 197 253 244 9
489 267 609 301 Erusruar
635 253 671 300 VI

222 395 313 443 Claude
328 394 402 455 fores,
419 396 517 455 clatros,
534 408 557 445 et
573 407 655 445 vectes
672 396 743 445 obice
759 398 846 462 portis,

270 467 342 515 Murri
359 479 421 515 tecta
437 467 527 516 domus
543 467 643 532 iugibus
660 468 785 518 excubiis!

221 538 330 587 Acrisius
346 539 435 587 Danen
451 539 550 588 sublimi
566 539 684 587 clauserat
699 556 762 600 arce,

270 610 368 659 Amotis
385 610 493 659 maribus
510 611 562 659 sola
578 610 699 660 ministrat
715 628 793 671 anus;

221 682 305 729 Ferrea
321 681 393 730 turris
410 694 468 742 erat,
486 683 553 730 nulla
569 682 600 730 de
615 693 684 749 parte
699 684 805 749 patebat,

269 754 330 802 Non
346 766 396 802 erat
411 754 457 802 ulli
472 753 508 802 fas
525 754 670 820 appropiare
686 754 759 814 vir0;

221 824 303 872 Danes
319 826 345 873 in
361 826 483 890 gremium
498 824 586 873 furtim
601 825 719 874 dilabitur
733 842 828 886 aurum,

269 897 390 945 Intumuit
406 897 488 945 subito
505 897 595 945 nubilis
612 898 681 946 alvus
698 914 736 946 eo.

222 969 288 1016 Haec
304 985 352 1034 ego
368 985 421 1017 non
437 969 509 1018 retuli
525 981 549 1017 re
564 984 638 1035 posse
653 980 739 1035 putem
755 968 812 1034 quia
828 969 887 1030 falli,

270 1040 322 1088 Aur
337 1040 458 1105 praetium
473 1041 539 1107 passi
556 1056 651 1088 sumere
666 1040 730 1089 velie
747 1042 841 1107 stupri:

221 1111 255 1159 At
271 1112 359 1175 speties
375 1111 439 1160 fulvi
454 1112 537 1161 faciles
554 1111 666 1160 hebetare
682 1113 774 1160 metalli

271 1183 335 1232 Cum
350 1185 427 1232 soleat
443 1200 536 1243 sensus,
552 1195 580 1231 tu
596 1183 705 1231 stabilito
722 1195 787 1233 tuos.

222 1254 314 1303 Crebro
331 1256 436 1305 suadelis
452 1272 512 1304 anus
528 1257 661 1320 inportuna
677 1257 766 1320 paratis

271 1327 331 1375 Pota
346 1343 440 1376 venena
456 1327 522 1375 cavis
538 1327 633 1375 evomit
649 1327 781 1386 auriculis;

223 1397 298 1446 Tedia
313 1398 440 1448 difficilem
454 1398 571 1463 frangunt
587 1398 719 1463 aliquando
735 1399 850 1463 puellam,

271 1469 357 1519 Mollis
374 1472 440 1520 enirn
456 1470 547 1519 durum
562 1482 631 1535 gutta
647 1481 717 1518 cavat
732 1470 846 1536 lapidem.

223 1541 316 1589 Urbem
331 1541 395 1591 fama
411 1554 485 1601 tenet,
502 1542 581 1591 nescis
597 1553 639 1591 aut
655 1541 788 1608 supprimis
804 1559 876 1602 unus,

271 1612 355 1662 Garrit
370 1614 457 1662 rivales
474 1613 515 1662 illa
531 1614 594 1662 duos
611 1614 728 1672 iuvenes3

221 1684 321 1734 Dicitur
336 1686 465 1734 Artimises
482 1702 545 1734 unus
562 1685 605 1733 sed
621 1685 740 1733 Xanticus
757 1685 825 1744 alter,

271 1758 317 1806 His
334 1757 402 1806 ardet
418 1757 521 1806 flammis
538 1756 611 1805 Flora
627 1756 714 1805 decens
731 1757 845 1821 geminis,

223 1830 334 1894 Corpore
348 1828 453 1895 proceri,
469 1828 550 1877 forma
565 1839 688 1893 prestante
704 1828 796 1888 decori,

271 1901 312 1949 Bis
329 1902 418 1966 quinos
434 1900 520 1949 fratres
536 1911 669 1964 exuperant
685 1900 770 1965 spetie.

223 1972 357 2022 Candidior
372 1972 426 2021 lana
442 1971 522 2038 capud
538 1971 635 2020 hircum
651 1971 770 2020 Xanticus
787 1971 850 2031 alba,

271 2043 383 2093 Membra
399 2045 461 2109 tegit
476 2044 558 2092 tunica
574 2042 732 2092 multicolore
748 2060 807 2101 sua;

222 2116 343 2182 Depingit
358 2116 447 2181 caligas
464 2116 567 2180 simplex
582 2116 660 2174 color,
676 2115 715 2163 his
731 2127 755 2163 et
771 2114 854 2163 aristas

272 2189 402 2255 Expressae
419 2188 499 2235 omnis
515 2186 626 2251 inspitias
643 2186 746 2252 generis.
939 2195 1010 2232 f.121v

222 2259 343 2307 Funditur
358 2259 482 2309 Artimisis
498 2258 585 2323 planus
602 2258 632 2306 de
648 2258 739 2307 vertice
755 2257 828 2305 crinis

271 2331 332 2379 Non
347 2331 418 2397 niger
434 2342 475 2379 aut
492 2330 577 2388 flavus,
594 2329 688 2378 buxeus
704 2340 728 2377 at
743 2329 849 2394 pocius;

222 2402 338 2451 Vestibus
354 2402 485 2467 inscriptos
502 2401 574 2450 flores
590 2400 710 2450 mirabere
727 2417 802 2460 sema,

270 2474 420 2533 Narcissum,
437 2473 553 2532 rosulam,
569 2472 628 2532 lilia,
644 2472 777 2538 peoniam;

222 2545 336 2594 Induitur
351 2546 438 2612 longas
454 2546 566 2593 vernanti
583 2544 680 2593 flamine
697 2560 773 2603 suras,

188 2688 197 2717 8
210 2690 243 2718 tota
248 2684 289 2718 linea
295 2686 312 2719 in
317 2696 350 2719 ras.
411 2697 431 2719 12
438 2684 484 2720 fassi.
546 2696 565 2727 17
578 2685 706 2729 (all).(quand0)
716 2696 749 2720 ras,
807 2696 827 2729 19
836 2682 912 2729 ultbem)
922 2687 938 2720 in

150 2744 190 2773 ras„
200 2743 238 2766 corr.
249 2744 270 2766 ex
279 2732 347 2767 orbern.
420 2744 439 2766 21
451 2733 562 2776 (xanticus)...
574 2732 632 2776 (alter)
643 2744 675 2767 rar.
748 2745 768 2778 ²3
781 2739 815 2768 tota
826 2733 867 2767 linea
876 2735 894 2767 ln
904 2745 937 2768 ras.

152 2784 171 2814 28
184 2780 261 2823 inspitias
271 2796 288 2807 =
298 2780 383 2824 inspicias.
