<?xml version="1.0" encoding="UTF-8"?>
<!DOCTYPE html PUBLIC "-//W3C//DTD XHTML 1.0 Transitional//EN"
    "http://www.w3.org/TR/xhtml1/DTD/xhtml1-transitional.dtd">
<html xmlns="http://www.w3.org/1999/xhtml" xml:lang="en" lang="en">
 <head>
  <title>
</title>
<meta http-equiv="Content-Type" content="text/html;charset=utf-8" />
  <meta name='ocr-system' content='tesseract 3.04.00' />
  <meta name='ocr-capabilities' content='ocr_page ocr_carea ocr_par ocr_line ocrx_word'/>
</head>
<body>
  <div class='ocr_page' id='page_1' title='image "MN40034ucmf_3_0412.png"; bbox 0 0 2068 3216; ppageno 0'>
   <div class='ocr_carea' id='block_1_1' title="bbox 452 177 622 225">
    <p class='ocr_par' dir='ltr' id='par_1_1' title="bbox 452 177 622 225">
     <span class='ocr_line' id='line_1_1' title="bbox 452 177 622 225; baseline 0 -1"><span class='ocrx_word' id='word_1_1' title='bbox 452 190 571 225; x_wconf 70' lang='lat' dir='ltr'>sustuna</span> <span class='ocrx_word' id='word_1_2' title='bbox 597 177 622 224; x_wconf 90' lang='lat' dir='ltr'>X</span> 
     </span>
    </p>
   </div>
   <div class='ocr_carea' id='block_1_2' title="bbox 176 319 929 2749">
    <p class='ocr_par' dir='ltr' id='par_1_2' title="bbox 176 319 929 2749">
     <span class='ocr_line' id='line_1_2' title="bbox 228 319 810 387; baseline -0.002 -19"><span class='ocrx_word' id='word_1_3' title='bbox 228 321 353 387; x_wconf 83' lang='lat' dir='ltr'>Hesperus</span> <span class='ocrx_word' id='word_1_4' title='bbox 369 331 410 368; x_wconf 91' lang='lat' dir='ltr'>aut</span> <span class='ocrx_word' id='word_1_5' title='bbox 426 335 529 386; x_wconf 77' lang='lat' dir='ltr'>prosper</span> <span class='ocrx_word' id='word_1_6' title='bbox 545 319 714 368; x_wconf 87' lang='lat' dir='ltr'>Mercuriusve</span> <span class='ocrx_word' id='word_1_7' title='bbox 730 319 810 378; x_wconf 82' lang='lat' dir='ltr'>celer3</span> 
     </span>
     <span class='ocr_line' id='line_1_3' title="bbox 179 390 765 458; baseline -0.003 -17"><span class='ocrx_word' id='word_1_8' title='bbox 179 394 243 458; x_wconf 86' lang='lat' dir='ltr'>Ipse,</span> <span class='ocrx_word' id='word_1_9' title='bbox 259 401 381 440; x_wconf 77' lang='lat' dir='ltr'>creaturae</span> <span class='ocrx_word' id='word_1_10' title='bbox 397 390 476 439; x_wconf 80' lang='lat' dir='ltr'>fatum</span> <span class='ocrx_word' id='word_1_11' title='bbox 491 390 639 456; x_wconf 77' lang='lat' dir='ltr'>fortunaque</span> <span class='ocrx_word' id='word_1_12' title='bbox 655 403 765 450; x_wconf 88' lang='lat' dir='ltr'>cunctae,</span> 
     </span>
     <span class='ocr_line' id='line_1_4' title="bbox 227 462 760 530; baseline -0.004 -17"><span class='ocrx_word' id='word_1_13' title='bbox 227 465 370 530; x_wconf 90' lang='lat' dir='ltr'>Disponens</span> <span class='ocrx_word' id='word_1_14' title='bbox 386 462 498 528; x_wconf 80' lang='lat' dir='ltr'>Agathos</span> <span class='ocrx_word' id='word_1_15' title='bbox 515 463 611 529; x_wconf 89' lang='lat' dir='ltr'>singula</span> <span class='ocrx_word' id='word_1_16' title='bbox 627 462 760 521; x_wconf 82' lang='lat' dir='ltr'>distribuit,</span> 
     </span>
     <span class='ocr_line' id='line_1_5' title="bbox 180 533 892 602; baseline -0.004 -18"><span class='ocrx_word' id='word_1_17' title='bbox 180 535 280 602; x_wconf 85' lang='lat' dir='ltr'>Singula</span> <span class='ocrx_word' id='word_1_18' title='bbox 286 534 439 601; x_wconf 78' lang='lat' dir='ltr'>providetis3</span> <span class='ocrx_word' id='word_1_19' title='bbox 450 550 514 600; x_wconf 89' lang='lat' dir='ltr'>«pro</span> <span class='ocrx_word' id='word_1_20' title='bbox 531 533 609 583; x_wconf 87' lang='lat' dir='ltr'>verbo</span> <span class='ocrx_word' id='word_1_21' title='bbox 619 534 759 601; x_wconf 87' lang='lat' dir='ltr'>‘providet&#39;</span> <span class='ocrx_word' id='word_1_22' title='bbox 767 551 793 601; x_wconf 51' lang='lat'>¹»,</span> <span class='ocrx_word' id='word_1_23' title='bbox 802 534 892 599; x_wconf 84' lang='lat' dir='ltr'>inquis,</span> 
     </span>
     <span class='ocr_line' id='line_1_6' title="bbox 228 605 929 672; baseline -0.009 -17"><span class='ocrx_word' id='word_1_24' title='bbox 228 608 353 658; x_wconf 88' lang='lat' dir='ltr'>«Nomen</span> <span class='ocrx_word' id='word_1_25' title='bbox 367 605 441 654; x_wconf 88' lang='lat' dir='ltr'>habes</span> <span class='ocrx_word' id='word_1_26' title='bbox 454 607 555 672; x_wconf 87' lang='lat' dir='ltr'>proprie</span> <span class='ocrx_word' id='word_1_27' title='bbox 569 621 661 671; x_wconf 91' lang='lat' dir='ltr'>ponere</span> <span class='ocrx_word' id='word_1_28' title='bbox 677 607 745 672; x_wconf 91' lang='lat' dir='ltr'>quod</span> <span class='ocrx_word' id='word_1_29' title='bbox 759 617 856 672; x_wconf 90' lang='lat' dir='ltr'>poteras</span> <span class='ocrx_word' id='word_1_30' title='bbox 863 622 886 655; x_wconf 72' lang='lat' dir='ltr'>u:</span> <span class='ocrx_word' id='word_1_31' title='bbox 896 626 929 660; x_wconf 78' lang='lat'>130</span> 
     </span>
     <span class='ocr_line' id='line_1_7' title="bbox 180 677 852 744; baseline -0.003 -17"><span class='ocrx_word' id='word_1_32' title='bbox 180 681 296 738; x_wconf 87' lang='lat' dir='ltr'>«Non»,</span> <span class='ocrx_word' id='word_1_33' title='bbox 310 678 419 744; x_wconf 89' lang='lat' dir='ltr'>inquam,</span> <span class='ocrx_word' id='word_1_34' title='bbox 434 677 528 726; x_wconf 84' lang='lat' dir='ltr'>«valeo</span> <span class='ocrx_word' id='word_1_35' title='bbox 544 678 587 726; x_wconf 89' lang='lat' dir='ltr'>tali</span> <span class='ocrx_word' id='word_1_36' title='bbox 603 679 757 727; x_wconf 85' lang='lat' dir='ltr'>committere</span> <span class='ocrx_word' id='word_1_37' title='bbox 773 689 852 726; x_wconf 90' lang='lat' dir='ltr'>metro</span> 
     </span>
     <span class='ocr_line' id='line_1_8' title="bbox 227 749 823 816; baseline -0.003 -16"><span class='ocrx_word' id='word_1_38' title='bbox 227 752 328 801; x_wconf 89' lang='lat' dir='ltr'>Nomen</span> <span class='ocrx_word' id='word_1_39' title='bbox 343 749 418 808; x_wconf 92' lang='lat' dir='ltr'>idem,</span> <span class='ocrx_word' id='word_1_40' title='bbox 433 750 527 816; x_wconf 80' lang='lat' dir='ltr'>prImae</span> <span class='ocrx_word' id='word_1_41' title='bbox 543 749 627 798; x_wconf 89' lang='lat' dir='ltr'>sillaba</span> <span class='ocrx_word' id='word_1_42' title='bbox 642 750 725 798; x_wconf 86' lang='lat' dir='ltr'>iuncta</span> <span class='ocrx_word' id='word_1_43' title='bbox 740 760 823 798; x_wconf 86' lang='lat' dir='ltr'>vetat:</span> 
     </span>
     <span class='ocr_line' id='line_1_9' title="bbox 180 820 757 887; baseline -0.005 -15"><span class='ocrx_word' id='word_1_44' title='bbox 180 824 331 872; x_wconf 85' lang='lat' dir='ltr'>Concessum</span> <span class='ocrx_word' id='word_1_45' title='bbox 346 820 420 870; x_wconf 85' lang='lat' dir='ltr'>fuerit</span> <span class='ocrx_word' id='word_1_46' title='bbox 437 821 457 869; x_wconf 92' lang='lat' dir='ltr'>si</span> <span class='ocrx_word' id='word_1_47' title='bbox 475 825 481 845; x_wconf 94' lang='lat'>‘</span> <span class='ocrx_word' id='word_1_48' title='bbox 489 820 683 887; x_wconf 86' lang='lat' dir='ltr'>providuencia&#39;</span> <span class='ocrx_word' id='word_1_49' title='bbox 700 821 757 880; x_wconf 93' lang='lat' dir='ltr'>dici,</span> 
     </span>
     <span class='ocr_line' id='line_1_10' title="bbox 226 892 691 961; baseline -0.004 -17"><span class='ocrx_word' id='word_1_50' title='bbox 226 895 256 944; x_wconf 92' lang='lat' dir='ltr'>In</span> <span class='ocrx_word' id='word_1_51' title='bbox 272 909 346 943; x_wconf 90' lang='lat' dir='ltr'>versu</span> <span class='ocrx_word' id='word_1_52' title='bbox 361 892 423 961; x_wconf 88' lang='lat' dir='ltr'>poni</span> <span class='ocrx_word' id='word_1_53' title='bbox 439 892 553 941; x_wconf 78' lang='lat' dir='ltr'>dactilico</span> <span class='ocrx_word' id='word_1_54' title='bbox 568 894 691 959; x_wconf 83' lang='lat' dir='ltr'>poterit».</span> 
     </span>
     <span class='ocr_line' id='line_1_11' title="bbox 179 964 927 1031; baseline -0.003 -17"><span class='ocrx_word' id='word_1_55' title='bbox 179 966 246 1014; x_wconf 88' lang='lat' dir='ltr'>Haec</span> <span class='ocrx_word' id='word_1_56' title='bbox 261 964 397 1014; x_wconf 90' lang='lat' dir='ltr'>intellectus</span> <span class='ocrx_word' id='word_1_57' title='bbox 414 964 440 1012; x_wconf 88' lang='lat' dir='ltr'>in</span> <span class='ocrx_word' id='word_1_58' title='bbox 456 964 610 1031; x_wconf 87' lang='lat' dir='ltr'>simplicitate</span> <span class='ocrx_word' id='word_1_59' title='bbox 626 965 745 1013; x_wconf 89' lang='lat' dir='ltr'>Tonantis</span> <span class='ocrx_word' id='word_1_60' title='bbox 896 985 927 1018; x_wconf 79' lang='lat'>1³5</span> 
     </span>
     <span class='ocr_line' id='line_1_12' title="bbox 226 1036 671 1102; baseline -0.004 -16"><span class='ocrx_word' id='word_1_61' title='bbox 226 1037 306 1087; x_wconf 92' lang='lat' dir='ltr'>Nullo</span> <span class='ocrx_word' id='word_1_62' title='bbox 322 1036 435 1085; x_wconf 86' lang='lat' dir='ltr'>consistit</span> <span class='ocrx_word' id='word_1_63' title='bbox 450 1036 535 1102; x_wconf 85' lang='lat' dir='ltr'>pervia</span> <span class='ocrx_word' id='word_1_64' title='bbox 550 1037 671 1095; x_wconf 87' lang='lat' dir='ltr'>contuitu,</span> 
     </span>
     <span class='ocr_line' id='line_1_13' title="bbox 179 1106 891 1174; baseline -0.004 -16"><span class='ocrx_word' id='word_1_65' title='bbox 179 1110 257 1173; x_wconf 86' lang='lat' dir='ltr'>Quae,</span> <span class='ocrx_word' id='word_1_66' title='bbox 274 1108 335 1158; x_wconf 93' lang='lat' dir='ltr'>dum</span> <span class='ocrx_word' id='word_1_67' title='bbox 350 1108 461 1174; x_wconf 91' lang='lat' dir='ltr'>disponit</span> <span class='ocrx_word' id='word_1_68' title='bbox 476 1121 562 1156; x_wconf 88' lang='lat' dir='ltr'>movet</span> <span class='ocrx_word' id='word_1_69' title='bbox 577 1119 601 1156; x_wconf 94' lang='lat' dir='ltr'>et</span> <span class='ocrx_word' id='word_1_70' title='bbox 617 1108 678 1157; x_wconf 90' lang='lat' dir='ltr'>dum</span> <span class='ocrx_word' id='word_1_71' title='bbox 694 1107 789 1174; x_wconf 85' lang='lat' dir='ltr'>singula</span> <span class='ocrx_word' id='word_1_72' title='bbox 804 1106 891 1156; x_wconf 88' lang='lat' dir='ltr'>formis</span> 
     </span>
     <span class='ocr_line' id='line_1_14' title="bbox 227 1179 781 1245; baseline -0.002 -16"><span class='ocrx_word' id='word_1_73' title='bbox 227 1179 340 1230; x_wconf 91' lang='lat' dir='ltr'>Motibus</span> <span class='ocrx_word' id='word_1_74' title='bbox 356 1191 430 1245; x_wconf 91' lang='lat' dir='ltr'>atque</span> <span class='ocrx_word' id='word_1_75' title='bbox 444 1179 707 1245; x_wconf 83' lang='lat' dir='ltr'>locistemporibusve</span> <span class='ocrx_word' id='word_1_76' title='bbox 724 1179 781 1238; x_wconf 92' lang='lat' dir='ltr'>suis,</span> 
     </span>
     <span class='ocr_line' id='line_1_15' title="bbox 178 1250 766 1317; baseline -0.003 -16"><span class='ocrx_word' id='word_1_77' title='bbox 178 1252 288 1302; x_wconf 89' lang='lat' dir='ltr'>Nomine</span> <span class='ocrx_word' id='word_1_78' title='bbox 304 1262 416 1301; x_wconf 91' lang='lat' dir='ltr'>censetur</span> <span class='ocrx_word' id='word_1_79' title='bbox 431 1250 491 1301; x_wconf 84' lang='lat' dir='ltr'>fati:</span> <span class='ocrx_word' id='word_1_80' title='bbox 509 1251 551 1300; x_wconf 86' lang='lat' dir='ltr'>sed</span> <span class='ocrx_word' id='word_1_81' title='bbox 567 1251 660 1301; x_wconf 92' lang='lat' dir='ltr'>mobile</span> <span class='ocrx_word' id='word_1_82' title='bbox 675 1252 766 1317; x_wconf 84' lang='lat' dir='ltr'>vulgus</span> 
     </span>
     <span class='ocr_line' id='line_1_16' title="bbox 227 1322 928 1390; baseline 0.001 -17"><span class='ocrx_word' id='word_1_83' title='bbox 227 1323 312 1373; x_wconf 89' lang='lat' dir='ltr'>Credit</span> <span class='ocrx_word' id='word_1_84' title='bbox 328 1339 403 1390; x_wconf 88' lang='lat' dir='ltr'>quam</span> <span class='ocrx_word' id='word_1_85' title='bbox 418 1322 497 1372; x_wconf 83' lang='lat' dir='ltr'>fatum</span> <span class='ocrx_word' id='word_1_86' title='bbox 512 1323 547 1371; x_wconf 91' lang='lat' dir='ltr'>nil</span> <span class='ocrx_word' id='word_1_87' title='bbox 563 1324 641 1388; x_wconf 85' lang='lat' dir='ltr'>magis</span> <span class='ocrx_word' id='word_1_88' title='bbox 658 1340 709 1372; x_wconf 89' lang='lat' dir='ltr'>esse</span> <span class='ocrx_word' id='word_1_89' title='bbox 725 1323 816 1381; x_wconf 90' lang='lat' dir='ltr'>deum;</span> <span class='ocrx_word' id='word_1_90' title='bbox 894 1343 928 1374; x_wconf 81' lang='lat'>140</span> 
     </span>
     <span class='ocr_line' id='line_1_17' title="bbox 178 1394 743 1462; baseline -0.004 -18"><span class='ocrx_word' id='word_1_91' title='bbox 178 1395 222 1445; x_wconf 86' lang='lat' dir='ltr'>Illa</span> <span class='ocrx_word' id='word_1_92' title='bbox 238 1395 353 1445; x_wconf 87' lang='lat' dir='ltr'>creatoris</span> <span class='ocrx_word' id='word_1_93' title='bbox 370 1394 417 1443; x_wconf 90' lang='lat' dir='ltr'>sibi</span> <span class='ocrx_word' id='word_1_94' title='bbox 432 1407 515 1444; x_wconf 92' lang='lat' dir='ltr'>totum</span> <span class='ocrx_word' id='word_1_95' title='bbox 529 1395 622 1462; x_wconf 91' lang='lat' dir='ltr'>plasma</span> <span class='ocrx_word' id='word_1_96' title='bbox 638 1394 743 1460; x_wconf 86' lang='lat' dir='ltr'>subegit,</span> 
     </span>
     <span class='ocr_line' id='line_1_18' title="bbox 226 1466 720 1533; baseline 0 -17"><span class='ocrx_word' id='word_1_97' title='bbox 226 1467 261 1516; x_wconf 81' lang='lat' dir='ltr'>At</span> <span class='ocrx_word' id='word_1_98' title='bbox 276 1466 329 1516; x_wconf 83' lang='lat' dir='ltr'>fato</span> <span class='ocrx_word' id='word_1_99' title='bbox 345 1483 398 1515; x_wconf 92' lang='lat' dir='ltr'>non</span> <span class='ocrx_word' id='word_1_100' title='bbox 414 1479 470 1515; x_wconf 91' lang='lat' dir='ltr'>sunt</span> <span class='ocrx_word' id='word_1_101' title='bbox 487 1467 570 1515; x_wconf 92' lang='lat' dir='ltr'>omnia</span> <span class='ocrx_word' id='word_1_102' title='bbox 586 1466 720 1533; x_wconf 88' lang='lat' dir='ltr'>subposita:</span> 
     </span>
     <span class='ocr_line' id='line_1_19' title="bbox 178 1538 812 1604; baseline -0.003 -17"><span class='ocrx_word' id='word_1_103' title='bbox 178 1540 300 1604; x_wconf 88' lang='lat' dir='ltr'>Namque,</span> <span class='ocrx_word' id='word_1_104' title='bbox 316 1538 426 1587; x_wconf 88' lang='lat' dir='ltr'>creatrici</span> <span class='ocrx_word' id='word_1_105' title='bbox 442 1555 504 1604; x_wconf 90' lang='lat' dir='ltr'>quae</span> <span class='ocrx_word' id='word_1_106' title='bbox 519 1539 631 1604; x_wconf 89' lang='lat' dir='ltr'>proxima</span> <span class='ocrx_word' id='word_1_107' title='bbox 647 1550 704 1587; x_wconf 91' lang='lat' dir='ltr'>sunt</span> <span class='ocrx_word' id='word_1_108' title='bbox 720 1538 812 1597; x_wconf 90' lang='lat' dir='ltr'>deitati,</span> 
     </span>
     <span class='ocr_line' id='line_1_20' title="bbox 225 1609 718 1669; baseline -0.004 -10"><span class='ocrx_word' id='word_1_109' title='bbox 225 1610 337 1659; x_wconf 92' lang='lat' dir='ltr'>Instabili</span> <span class='ocrx_word' id='word_1_110' title='bbox 352 1610 405 1659; x_wconf 85' lang='lat' dir='ltr'>fato</span> <span class='ocrx_word' id='word_1_111' title='bbox 420 1627 473 1659; x_wconf 91' lang='lat' dir='ltr'>non</span> <span class='ocrx_word' id='word_1_112' title='bbox 489 1627 516 1658; x_wconf 91' lang='lat' dir='ltr'>ea</span> <span class='ocrx_word' id='word_1_113' title='bbox 532 1609 630 1659; x_wconf 90' lang='lat' dir='ltr'>subdita</span> <span class='ocrx_word' id='word_1_114' title='bbox 646 1621 718 1669; x_wconf 89' lang='lat' dir='ltr'>sunt;</span> 
     </span>
     <span class='ocr_line' id='line_1_21' title="bbox 177 1681 924 1747; baseline 0.003 -17"><span class='ocrx_word' id='word_1_115' title='bbox 177 1681 265 1730; x_wconf 89' lang='lat' dir='ltr'>Libera</span> <span class='ocrx_word' id='word_1_116' title='bbox 280 1698 333 1730; x_wconf 92' lang='lat' dir='ltr'>non</span> <span class='ocrx_word' id='word_1_117' title='bbox 348 1681 390 1730; x_wconf 88' lang='lat' dir='ltr'>illa</span> <span class='ocrx_word' id='word_1_118' title='bbox 405 1693 482 1731; x_wconf 90' lang='lat' dir='ltr'>cessat</span> <span class='ocrx_word' id='word_1_119' title='bbox 497 1693 602 1747; x_wconf 86' lang='lat' dir='ltr'>cogente</span> <span class='ocrx_word' id='word_1_120' title='bbox 617 1682 740 1741; x_wconf 86' lang='lat' dir='ltr'>voluntas,</span> <span class='ocrx_word' id='word_1_121' title='bbox 892 1700 924 1734; x_wconf 79' lang='lat'>145</span> 
     </span>
     <span class='ocr_line' id='line_1_22' title="bbox 225 1752 716 1820; baseline -0.002 -18"><span class='ocrx_word' id='word_1_122' title='bbox 225 1752 303 1803; x_wconf 88' lang='lat' dir='ltr'>Infert</span> <span class='ocrx_word' id='word_1_123' title='bbox 318 1753 373 1802; x_wconf 80' lang='lat' dir='ltr'>uim</span> <span class='ocrx_word' id='word_1_124' title='bbox 388 1753 458 1814; x_wconf 88' lang='lat' dir='ltr'>nulli,</span> <span class='ocrx_word' id='word_1_125' title='bbox 474 1753 510 1801; x_wconf 92' lang='lat' dir='ltr'>nil</span> <span class='ocrx_word' id='word_1_126' title='bbox 525 1753 641 1820; x_wconf 90' lang='lat' dir='ltr'>prohibet</span> <span class='ocrx_word' id='word_1_127' title='bbox 656 1752 716 1802; x_wconf 88' lang='lat' dir='ltr'>fieri.</span> 
     </span>
     <span class='ocr_line' id='line_1_23' title="bbox 178 1824 890 1891; baseline -0.001 -19"><span class='ocrx_word' id='word_1_128' title='bbox 178 1825 214 1873; x_wconf 88' lang='lat' dir='ltr'>Sit</span> <span class='ocrx_word' id='word_1_129' title='bbox 234 1825 346 1890; x_wconf 86' lang='lat' dir='ltr'>quamvis</span> <span class='ocrx_word' id='word_1_130' title='bbox 366 1824 479 1890; x_wconf 87' lang='lat' dir='ltr'>Agathos</span> <span class='ocrx_word' id='word_1_131' title='bbox 500 1842 561 1890; x_wconf 89' lang='lat' dir='ltr'>quae</span> <span class='ocrx_word' id='word_1_132' title='bbox 579 1824 695 1891; x_wconf 88' lang='lat' dir='ltr'>providet</span> <span class='ocrx_word' id='word_1_133' title='bbox 715 1841 766 1873; x_wconf 90' lang='lat' dir='ltr'>esse</span> <span class='ocrx_word' id='word_1_134' title='bbox 785 1839 890 1883; x_wconf 89' lang='lat' dir='ltr'>necesse,</span> 
     </span>
     <span class='ocr_line' id='line_1_24' title="bbox 225 1896 680 1963; baseline 0 -18"><span class='ocrx_word' id='word_1_135' title='bbox 225 1896 335 1945; x_wconf 88' lang='lat' dir='ltr'>Libertas</span> <span class='ocrx_word' id='word_1_136' title='bbox 351 1896 453 1956; x_wconf 84' lang='lat' dir='ltr'>minime</span> <span class='ocrx_word' id='word_1_137' title='bbox 469 1896 563 1963; x_wconf 89' lang='lat' dir='ltr'>deperit</span> <span class='ocrx_word' id='word_1_138' title='bbox 578 1896 680 1956; x_wconf 85' lang='lat' dir='ltr'>arbitrii,</span> 
     </span>
     <span class='ocr_line' id='line_1_25' title="bbox 178 1967 799 2035; baseline -0.002 -19"><span class='ocrx_word' id='word_1_139' title='bbox 178 1967 225 2016; x_wconf 88' lang='lat' dir='ltr'>Sed</span> <span class='ocrx_word' id='word_1_140' title='bbox 241 1968 311 2033; x_wconf 88' lang='lat' dir='ltr'>quasi</span> <span class='ocrx_word' id='word_1_141' title='bbox 326 1980 445 2035; x_wconf 91' lang='lat' dir='ltr'>promoto</span> <span class='ocrx_word' id='word_1_142' title='bbox 461 1969 542 2035; x_wconf 90' lang='lat' dir='ltr'>campi</span> <span class='ocrx_word' id='word_1_143' title='bbox 558 1969 601 2033; x_wconf 92' lang='lat' dir='ltr'>qui</span> <span class='ocrx_word' id='word_1_144' title='bbox 617 1969 695 2017; x_wconf 91' lang='lat' dir='ltr'>celsus</span> <span class='ocrx_word' id='word_1_145' title='bbox 710 1983 799 2017; x_wconf 88' lang='lat' dir='ltr'>acervo</span> 
     </span>
     <span class='ocr_line' id='line_1_26' title="bbox 225 2039 926 2105; baseline 0.004 -17"><span class='ocrx_word' id='word_1_146' title='bbox 225 2039 337 2105; x_wconf 87' lang='lat' dir='ltr'>Pugnam</span> <span class='ocrx_word' id='word_1_147' title='bbox 353 2039 442 2089; x_wconf 91' lang='lat' dir='ltr'>Pelidis</span> <span class='ocrx_word' id='word_1_148' title='bbox 459 2041 573 2088; x_wconf 92' lang='lat' dir='ltr'>Hectoris</span> <span class='ocrx_word' id='word_1_149' title='bbox 590 2051 614 2088; x_wconf 94' lang='lat' dir='ltr'>et</span> <span class='ocrx_word' id='word_1_150' title='bbox 629 2039 719 2099; x_wconf 82' lang='lat' dir='ltr'>uideat,</span> <span class='ocrx_word' id='word_1_151' title='bbox 893 2059 926 2091; x_wconf 76' lang='lat'>150</span> 
     </span>
     <span class='ocr_line' id='line_1_27' title="bbox 176 2110 750 2177; baseline 0 -18"><span class='ocrx_word' id='word_1_152' title='bbox 176 2110 256 2176; x_wconf 88' lang='lat' dir='ltr'>Ipsius</span> <span class='ocrx_word' id='word_1_153' title='bbox 273 2121 297 2160; x_wconf 93' lang='lat' dir='ltr'>et</span> <span class='ocrx_word' id='word_1_154' title='bbox 312 2110 384 2160; x_wconf 84' lang='lat' dir='ltr'>fortis</span> <span class='ocrx_word' id='word_1_155' title='bbox 401 2112 432 2159; x_wconf 91' lang='lat' dir='ltr'>sit</span> <span class='ocrx_word' id='word_1_156' title='bbox 447 2123 550 2177; x_wconf 92' lang='lat' dir='ltr'>uterque</span> <span class='ocrx_word' id='word_1_157' title='bbox 565 2111 621 2160; x_wconf 88' lang='lat' dir='ltr'>licet</span> <span class='ocrx_word' id='word_1_158' title='bbox 638 2111 750 2170; x_wconf 90' lang='lat' dir='ltr'>dicionis,</span> 
     </span>
     <span class='ocr_line' id='line_1_28' title="bbox 225 2182 740 2249; baseline -0.002 -17"><span class='ocrx_word' id='word_1_159' title='bbox 225 2182 286 2232; x_wconf 92' lang='lat' dir='ltr'>Non</span> <span class='ocrx_word' id='word_1_160' title='bbox 302 2183 380 2249; x_wconf 88' lang='lat' dir='ltr'>magis</span> <span class='ocrx_word' id='word_1_161' title='bbox 395 2182 491 2232; x_wconf 89' lang='lat' dir='ltr'>affectet</span> <span class='ocrx_word' id='word_1_162' title='bbox 506 2183 567 2232; x_wconf 89' lang='lat' dir='ltr'>alter</span> <span class='ocrx_word' id='word_1_163' title='bbox 582 2183 619 2231; x_wconf 90' lang='lat' dir='ltr'>uti</span> <span class='ocrx_word' id='word_1_164' title='bbox 635 2194 740 2249; x_wconf 87' lang='lat' dir='ltr'>superet,</span> 
     </span>
     <span class='ocr_line' id='line_1_29' title="bbox 177 2253 841 2319; baseline 0 -18"><span class='ocrx_word' id='word_1_165' title='bbox 177 2253 367 2319; x_wconf 86' lang='lat' dir='ltr'>Amborumque</span> <span class='ocrx_word' id='word_1_166' title='bbox 382 2265 462 2303; x_wconf 89' lang='lat' dir='ltr'>truces</span> <span class='ocrx_word' id='word_1_167' title='bbox 479 2271 537 2302; x_wconf 89' lang='lat' dir='ltr'>curn</span> <span class='ocrx_word' id='word_1_168' title='bbox 553 2255 600 2303; x_wconf 90' lang='lat' dir='ltr'>sint</span> <span class='ocrx_word' id='word_1_169' title='bbox 616 2267 689 2303; x_wconf 89' lang='lat' dir='ltr'>norae</span> <span class='ocrx_word' id='word_1_170' title='bbox 705 2254 752 2302; x_wconf 87' lang='lat' dir='ltr'>sibi</span> <span class='ocrx_word' id='word_1_171' title='bbox 768 2254 841 2313; x_wconf 88' lang='lat' dir='ltr'>vires,</span> 
     </span>
     <span class='ocr_line' id='line_1_30' title="bbox 226 2325 705 2385; baseline 0.002 -12"><span class='ocrx_word' id='word_1_172' title='bbox 226 2326 258 2373; x_wconf 88' lang='lat' dir='ltr'>Et</span> <span class='ocrx_word' id='word_1_173' title='bbox 273 2336 363 2374; x_wconf 90' lang='lat' dir='ltr'>notum</span> <span class='ocrx_word' id='word_1_174' title='bbox 378 2326 448 2374; x_wconf 92' lang='lat' dir='ltr'>cuius</span> <span class='ocrx_word' id='word_1_175' title='bbox 464 2343 535 2374; x_wconf 90' lang='lat' dir='ltr'>causa</span> <span class='ocrx_word' id='word_1_176' title='bbox 551 2326 582 2374; x_wconf 90' lang='lat' dir='ltr'>sit</span> <span class='ocrx_word' id='word_1_177' title='bbox 598 2325 705 2385; x_wconf 89' lang='lat' dir='ltr'>uberior,</span> 
     </span>
     <span class='ocr_line' id='line_1_31' title="bbox 176 2396 925 2463; baseline -0.007 -18"><span class='ocrx_word' id='word_1_178' title='bbox 176 2396 248 2445; x_wconf 86' lang='lat' dir='ltr'>Visio</span> <span class='ocrx_word' id='word_1_179' title='bbox 265 2398 395 2463; x_wconf 90' lang='lat' dir='ltr'>spectantis</span> <span class='ocrx_word' id='word_1_180' title='bbox 411 2415 456 2446; x_wconf 91' lang='lat' dir='ltr'>nec</span> <span class='ocrx_word' id='word_1_181' title='bbox 472 2398 571 2463; x_wconf 89' lang='lat' dir='ltr'>cognita</span> <span class='ocrx_word' id='word_1_182' title='bbox 587 2414 658 2446; x_wconf 88' lang='lat' dir='ltr'>causa</span> <span class='ocrx_word' id='word_1_183' title='bbox 673 2396 770 2445; x_wconf 86' lang='lat' dir='ltr'>facessit</span> <span class='ocrx_word' id='word_1_184' title='bbox 893 2416 925 2450; x_wconf 78' lang='lat'>155</span> 
     </span>
     <span class='ocr_line' id='line_1_32' title="bbox 225 2468 697 2536; baseline 0.002 -20"><span class='ocrx_word' id='word_1_185' title='bbox 225 2468 277 2516; x_wconf 92' lang='lat' dir='ltr'>Aut</span> <span class='ocrx_word' id='word_1_186' title='bbox 293 2480 366 2517; x_wconf 86' lang='lat' dir='ltr'>notae</span> <span class='ocrx_word' id='word_1_187' title='bbox 382 2469 446 2517; x_wconf 87' lang='lat' dir='ltr'>vires</span> <span class='ocrx_word' id='word_1_188' title='bbox 463 2470 523 2518; x_wconf 93' lang='lat' dir='ltr'>alter</span> <span class='ocrx_word' id='word_1_189' title='bbox 538 2469 575 2517; x_wconf 90' lang='lat' dir='ltr'>uti</span> <span class='ocrx_word' id='word_1_190' title='bbox 592 2481 697 2536; x_wconf 88' lang='lat' dir='ltr'>superet,</span> 
     </span>
     <span class='ocr_line' id='line_1_33' title="bbox 178 2539 827 2607; baseline -0.002 -19"><span class='ocrx_word' id='word_1_191' title='bbox 178 2539 217 2588; x_wconf 86' lang='lat' dir='ltr'>Sic</span> <span class='ocrx_word' id='word_1_192' title='bbox 233 2540 346 2606; x_wconf 86' lang='lat' dir='ltr'>Agathos</span> <span class='ocrx_word' id='word_1_193' title='bbox 363 2557 461 2589; x_wconf 92' lang='lat' dir='ltr'>summo</span> <span class='ocrx_word' id='word_1_194' title='bbox 477 2552 635 2607; x_wconf 87' lang='lat' dir='ltr'>prospectans</span> <span class='ocrx_word' id='word_1_195' title='bbox 652 2540 735 2588; x_wconf 92' lang='lat' dir='ltr'>omnia</span> <span class='ocrx_word' id='word_1_196' title='bbox 750 2540 827 2599; x_wconf 88' lang='lat' dir='ltr'>cael0‚</span> 
     </span>
     <span class='ocr_line' id='line_1_34' title="bbox 225 2611 719 2670; baseline 0 -11"><span class='ocrx_word' id='word_1_197' title='bbox 225 2611 334 2660; x_wconf 85' lang='lat' dir='ltr'>Perfecte</span> <span class='ocrx_word' id='word_1_198' title='bbox 349 2629 408 2661; x_wconf 90' lang='lat' dir='ltr'>cum</span> <span class='ocrx_word' id='word_1_199' title='bbox 424 2613 472 2660; x_wconf 90' lang='lat' dir='ltr'>sint</span> <span class='ocrx_word' id='word_1_200' title='bbox 488 2614 571 2661; x_wconf 90' lang='lat' dir='ltr'>omnia</span> <span class='ocrx_word' id='word_1_201' title='bbox 587 2623 646 2660; x_wconf 92' lang='lat' dir='ltr'>nota</span> <span class='ocrx_word' id='word_1_202' title='bbox 662 2611 719 2670; x_wconf 90' lang='lat' dir='ltr'>sibi,</span> 
     </span>
     <span class='ocr_line' id='line_1_35' title="bbox 177 2683 834 2749; baseline 0 -18"><span class='ocrx_word' id='word_1_203' title='bbox 177 2683 237 2731; x_wconf 94' lang='lat' dir='ltr'>Non</span> <span class='ocrx_word' id='word_1_204' title='bbox 253 2695 335 2732; x_wconf 88' lang='lat' dir='ltr'>tamen</span> <span class='ocrx_word' id='word_1_205' title='bbox 350 2684 426 2749; x_wconf 88' lang='lat' dir='ltr'>ipsius</span> <span class='ocrx_word' id='word_1_206' title='bbox 442 2683 549 2749; x_wconf 87' lang='lat' dir='ltr'>perfecta</span> <span class='ocrx_word' id='word_1_207' title='bbox 566 2684 668 2732; x_wconf 89' lang='lat' dir='ltr'>sciencia</span> <span class='ocrx_word' id='word_1_208' title='bbox 685 2699 834 2748; x_wconf 90' lang='lat' dir='ltr'>quemquam</span> 
     </span>
    </p>
   </div>
   <div class='ocr_carea' id='block_1_3' title="bbox 0 0 1038 3216">
    <p class='ocr_par' dir='ltr' id='par_1_3' title="bbox 0 0 1038 3216">
     <span class='ocr_line' id='line_1_36' title="bbox 0 0 1038 3216; baseline 0 1"><span class='ocrx_word' id='word_1_209' title='bbox 0 0 1038 3216; x_wconf 95' lang='lat' dir='ltr'> </span> 
     </span>
    </p>
   </div>
  </div>
 </body>
</html>
