2068 3216
234 151 283 200 226

413 240 447 274 DE
462 240 668 274 neironnmumus
683 226 729 274 IX.
749 243 761 274 2

233 366 348 415 Occurrit
363 377 429 415 totus
446 367 494 416 ritu
511 368 646 435 sollempne
662 379 766 428 senatuS,

281 437 352 487 Plebs
368 455 425 486 cum
440 439 591 499 consulibus,
608 439 782 506 flumineusque
798 440 896 502 chorus,

234 509 331 558 Obvius
348 510 423 559 exivit
438 526 484 559 nec
500 511 585 559 saltem
599 511 682 560 iunior
697 529 768 572 unus,

281 582 410 631 Victorem
424 594 509 631 natum
523 583 658 650 perculerat
674 584 777 649 genitor.

235 652 322 702 Subdit
337 664 455 719 utrosque
470 654 525 721 pius
542 655 665 721 Hispanos
681 671 757 723 paene
773 654 896 717 Metellus,

283 725 327 773 Est
343 725 468 792 Hispania,
485 726 505 775 si
521 726 581 776 scire
597 727 667 786 velis,
683 728 788 793 gemina,

235 795 286 859 Qui
303 812 467 846 successorem
482 797 568 846 didicit
583 810 716 866 postquam
731 798 777 848 sibi
791 798 884 848 factum

283 868 406 931 Quintum
421 869 576 936 Pompeium,
591 870 660 936 tigris
677 882 705 919 ut
719 870 852 931 infremuit,

234 938 350 989 Militiam
364 940 468 1006 cupidos
484 941 605 990 dimittere
620 942 710 1009 linquit
724 943 824 1002 inultos,

282 1011 342 1060 Tiro
359 1011 463 1060 domum
478 1013 557 1073 rediit,
574 1013 675 1062 bellicus
691 1014 754 1063 ordo
769 1015 841 1080 perit,

233 1084 312 1132 Arcus
329 1084 455 1132 Cretenses
471 1096 495 1133 et
510 1085 558 1134 tela
574 1085 686 1134 micantia
702 1085 800 1152 frangit,

282 1154 312 1204 In
328 1155 480 1221 fluviumque
495 1156 552 1205 iacit
568 1157 660 1223 spicula
675 1174 732 1206 cum
746 1157 874 1225 pharetris,

234 1226 339 1276 Furibus
355 1238 478 1294 oportuna
493 1228 559 1288 facit,
575 1228 677 1278 custode
693 1240 797 1289 remoto,

283 1300 386 1359 Horrea,
402 1315 447 1347 nec
463 1310 530 1348 curat
546 1300 567 1348 si
583 1300 659 1366 rapiat
675 1301 729 1367 quis
746 1318 781 1360 ea,

236 1370 371 1419 Horrendis
387 1370 466 1419 vetuit
481 1371 595 1438 praebere
610 1372 699 1421 cibaria
715 1372 799 1432 barris,

282 1441 365 1490 Armis
381 1442 502 1491 invictum
518 1443 632 1509 subiugat
646 1444 681 1492 ira
697 1444 794 1493 virum:

234 1514 335 1562 Forcior
350 1514 390 1562 hic
405 1514 486 1563 victor
500 1514 548 1563 fuit
564 1514 641 1564 hostis
658 1531 732 1582 quam
746 1515 821 1564 trucis
836 1514 893 1575 irae,

283 1585 396 1634 Privatur
411 1586 479 1634 lauro
495 1598 623 1653 propterea
638 1587 731 1636 merita.

211 1678 212 1681 ¹
234 1657 372 1706 Indomitae
388 1656 448 1706 dum
465 1657 522 1706 Silla
537 1657 607 1707 ferox
622 1657 774 1725 obtemperat
789 1658 846 1717 irae,

283 1729 396 1777 Pluribus
412 1729 547 1797 absumptis
564 1746 589 1778 se
605 1746 705 1795 quoque
719 1730 878 1797 praecipitat;

234 1800 342 1849 Puteolis
357 1801 468 1867 positum
483 1801 563 1867 gravis
579 1801 717 1866 indignatio
733 1812 839 1866 torquet,

284 1872 391 1920 Granius
407 1873 468 1921 hanc
483 1873 596 1939 princeps
613 1873 712 1921 suscitat
727 1872 849 1940 oppiduli,

235 1943 260 1991 A
275 1959 327 2008 quo
343 1956 470 1992 cunctatur
486 1955 596 2010 suscepta
611 1945 714 2011 pecunia
730 1944 802 2003 solvi,

285 2015 367 2078 Quam
383 2015 483 2064 decurio
498 2016 548 2064 iam
562 2015 681 2082 plurimus
698 2015 827 2075 obtulerat,

236 2086 325 2135 Diruta
341 2103 388 2154 qua
404 2086 470 2137 refici
485 2086 563 2136 fuerat
578 2087 672 2135 iussum
688 2087 811 2155 Capitolii,

284 2158 379 2206 Aerarii
394 2159 469 2208 thecis
486 2159 534 2207 iam
549 2158 645 2225 penitus
662 2159 762 2218 vacuis;

237 2230 303 2278 Hinc
317 2229 388 2278 furor
402 2231 526 2279 inmensus
544 2230 627 2278 Sillam
643 2230 767 2279 succendit
783 2233 897 2289 atrocem,

284 2301 407 2350 Fulminat
422 2302 479 2350 hinc
494 2301 591 2369 probris
607 2302 791 2367 accumulatque
799 2300 886 2360 minas,

236 2373 306 2421 Dum
320 2373 380 2422 furit
395 2374 500 2422 invisam
515 2372 636 2422 convulso
651 2384 750 2438 pectore
765 2373 843 2422 vitam

286 2444 324 2493 Sic
340 2445 437 2510 dignus,
455 2446 532 2493 mixto
549 2444 672 2509 sanguinis
688 2461 767 2503 amne,
783 2444 871 2493 vomit.

237 2516 319 2564 Privat
334 2516 501 2565 Alexandrum
517 2516 583 2565 caelo
599 2515 669 2564 furor
684 2516 741 2564 inde
756 2515 932 2582 propinquum,

132 2606 166 2638 150
284 2589 337 2636 lam
351 2589 429 2636 virtus
446 2589 532 2653 Magni
550 2603 641 2636 nornen
657 2588 679 2636 ei
696 2587 810 2645 dederat·;
947 2598 959 2634 f.
971 2610 1007 2644 95v

166 2694 307 2701 —.-.-

202 2763 234 2797 134
246 2752 366 2797 (invitorum)
376 2767 408 2789 ras.
458 2766 487 2797 141
500 2754 607 2798 (pe).(cunia)
618 2765 650 2787 ras.
