2068 3216
129 99 160 145 72

309 171 344 204 DE
359 170 566 204 Munounmtmus
582 156 624 205 ΙΠ.
645 174 655 219 3

128 299 152 347 A
168 298 263 347 Phalari
278 312 424 365 oppressum
439 298 514 365 peciit
529 308 642 347 constans
658 300 832 365 Agrigentum,

177 371 248 438 Nam¹
259 386 310 419 sese
326 370 410 435 magni
426 381 528 419 noverat
544 369 653 436 ingenii;

129 441 262 491 Confidens
279 456 385 501 morum,
401 441 495 508 probus
511 441 537 489 in
552 441 683 507 probitate,
700 458 809 501 suorum,

178 512 294 580 Sperabat
310 513 396 561 mitem
411 512 512 561 reddere
526 529 600 579 posse
616 514 712 573 ducem,

130 585 181 648 Qui
197 602 249 634 non
264 584 369 633 consilio
386 584 507 650 gaudebat
524 584 566 634 sed
582 584 718 645 dominatu,

97 679 106 687 2
178 656 255 719 Quod
271 655 363 722 sophus
379 668 407 705 ut
424 657 506 716 sensit,
523 656 617 705 destitit
631 674 646 705 a
661 657 762 706 monitis

129 729 161 776 Et
177 728 255 794 magis
272 728 374 776 eximios
391 739 415 776 et
430 727 558 777 nobilitate
574 727 676 777 decoros
825 728 826 732 ’

177 800 316 848 inflammat
327 800 446 859 iuvenes,
456 810 484 848 ut
499 799 603 866 patriam
619 799 738 849 redimant
748 819 754 860 ;

129 872 257 937 Cognovit
273 888 344 920 sevus
361 871 424 920 senis
440 883 468 919 ut
484 871 570 920 molita
586 872 702 932 tirannus,
815 873 830 882 ⁹

179 943 289 1009 Torquet
305 959 362 991 eum
376 942 463 1008 poenis
480 940 615 992 eucrutians
631 944 721 993 variis:
776 965 783 969 ‘¹

91 1024 107 1029 ”
130 1015 197 1064 Sevit
211 1014 341 1085 participes
357 1026 385 1062 ut
401 1014 497 1062 consilii
513 1009 658 1075 manifestet,
715 1047 716 1051 =

179 1087 226 1136 Sed
242 1097 324 1135 tortus·
337 1086 434 1134 nulium
449 1086 533 1151 prodit
549 1087 572 1135 ei
588 1086 697 1146 sotium3

129 1158 219 1207 Reddit
233 1168 361 1224 suspectos
378 1157 473 1206 Phalari
487 1157 571 1223 potius
585 1157 634 1206 sibi
650 1153 724 1217 fidos,
749 1174 751 1181 ’
785 1152 787 1178 ³

178 1229 442 1295 Hinc‘Agrigentinos
453 1230 560 1296 increpat
576 1241 604 1278 ut
619 1229 728 1289 timidos,

129 1302 260 1367 Exagitans
277 1300 348 1349 dictis
365 1300 520 1349 mordacibus
537 1295 609 1368 atque
624 1300 716 1360 facetis,
791 1315 792 1319 ’

177 1373 264 1421 Armat
280 1373 312 1420 in
322 1372 435 1420 inmitem
451 1381 505 1420 saxa
521 1384 600 1421 rotare
616 1372 720 1422 ducem:
780 1396 781 1399 ¹

129 1444 251 1493 Obruitur
267 1443 381 1502 Phalaris,
394 1443 496 1508 fortuna
512 1444 648 1493 revolvitur
663 1443 738 1503 urbis,
748 1459 759 1480 ¹

178 1517 222 1564 Est
237 1516 329 1582 virtute
345 1515 409 1563 senis
425 1515 521 1564 reddita
535 1525 588 1582 spes
605 1515 707 1564 miseris.

129 1587 200 1637 Alter
215 1587 245 1636 ab
261 1587 385 1654 inplacido
401 1587 615 1654 torquetur'Zeno
633 1586 741 1647 Clearco,

177 1659 290 1707 Armarat
305 1658 428 1725 populum
443 1659 513 1707 cuius
528 1659 555 1707 in
570 1658 688 1707 exitium:
731 1679 732 1694 2

129 1731 258 1779 Tormenti
273 1730 354 1779 victor
369 1729 522 1796 cupidusque
537 1729 664 1778 tirannidis
680 1726 748 1779 ultor
770 1784 772 1786 ,
817 1750 820 1760 ··

177 1802 242 1861 Infit,
260 1802 368 1851 «secreti
385 1800 445 1868 quid
461 1800 694 1860 manifestoribi»;

129 1874 191 1922 Mox
206 1885 345 1938 oportunus
361 1873 454 1939 petitur
470 1873 501 1921 de
516 1888 586 1921 more
601 1888 716 1932 recessus,
761 1899 762 1904 =

176 1946 271 1994 Aurem
286 1944 406 2011 corripuit
421 1943 546 1993 mordicus
561 1944 603 1992 ille
618 1945 702 2004 trucis,

129 2017 212 2079 Quam
227 2033 279 2065 non
289 2016 388 2065 ‘dimisit
404 2015 484 2065 donec
499 2032 525 2064 se
539 2015 591 2064 vita
607 2016 713 2086 reliquit,
764 2050 765 2053 =
816 2039 818 2044 ¹

178 2089 283 2137 Corrosa
299 2087 363 2144 duro
379 2086 452 2136 dente
468 2086 536 2139 ducis
549 2085 617 2138 fatie.
719 2132 721 2134 ,
760 2104 761 2107 ’

128 2159 376 2208 νεκειῑιΑῃωὲωῑη
391 2158 442 2207 dux
457 2158 598 2208 Nicocreon
614 2158 762 2225 Cipriorum,

178 2230 229 2293 Qui
241 2230 326 2279 verbis
342 2229 459 2296 gravibus
475 2240 546 2279 vexat
562 2246 619 2278 eum
635 2230 750 2295 gravius;

127 2303 209 2351 Atrox
223 2301 354 2351 facundam
369 2301 495 2350 minitatur
510 2301 597 2350 toliere
611 2301 712 2367 lingam,

177 2373 224 2422 Cui
240 2373 342 2441 sapiens,
360 2390 374 2421 «
382 2373 441 2422 iuris
457 2388 510 2421 non
525 2373 571 2421 erit
586 2372 628 2421 iila
643 2373 712 2432 rui»,

127 2444 250 2494 Dentibus
266 2444 386 2494 abscisam
394 2444 510 2511 discerpit
524 2443 638 2511 protinus
654 2443 740 2511 ipsam,

176 2517 254 2583 Inque
269 2514 316 2565 feri
331 2524 417 2564 torvus
433 2515 518 2583 expuit
533 2531 576 2564 ora
591 2514 656 2576 viri;

93 2694 114 2727 50
124 2681 231 2727 (ti).(midos)
241 2693 274 2717 ras.
324 2692 342 2726 55
354 2680 376 2717 ab
385 2687 465 2727 suprascr.
