2068 3216
227 144 254 189 25
263 132 275 176 8

498 216 615 250 Evisrura
630 203 654 251 ΙΙ

227 342 305 392 Parcit
321 355 345 393 et
360 343 465 405 infenso,
483 344 529 393 sibi
544 344 643 394 foedere
658 345 766 411 conligat
782 345 884 394 ambos:

276 415 315 464 Sic
330 431 414 464 carum
429 416 477 465 cari
493 428 571 465 servat
587 417 702 465 amicicia.
739 449 740 452 =

228 488 253 537 Si
268 485 343 537 fastos
360 488 460 553 relegas,
477 488 497 536 si
513 500 580 554 gesta
595 489 677 554 priora
693 488 813 548 revolvas
936 496 994 542 f·107

275 559 387 608 Invenies
404 575 465 625 quae
482 560 512 608 sit
527 561 611 609 messis
627 561 766 610 amiciciae:

228 631 335 680 Ultimus
351 642 379 680 ut
394 647 466 680 canae
483 648 541 698 quas
558 643 680 681 autunnus
697 633 759 681 solet
774 649 836 681 uvae

276 702 424 752 Pontificum
438 703 528 752 mensis
543 703 632 757 addere
646 703 775 763 fertilibus,

229 775 344 838 Quorum
358 774 464 823 iocunda
479 790 563 842 posses
580 775 708 825 dulcedine
723 775 797 835 vesci,

277 846 302 894 Ο
317 846 431 905 conviva,
447 846 493 895 tibi
509 847 529 895 si
545 846 601 896 dare
616 847 691 896 vellet
706 846 778 895 herus
789 865 798 896 :v
857 886 859 890 .

229 918 313 966 Servat
328 929 356 966 ut
371 934 493 966 annosum
508 935 583 984 quem
597 930 658 968 testa
673 929 769 967 vetusta
784 918 920 977 Falernum,

276 989 376 1038 Delevit
391 990 460 1038 cuius
476 990 577 1039 canicies
593 990 700 1049 titulum,

228 1062 267 1109 De
283 1061 352 1109 cuius
369 1061 423 1110 solo
440 1061 538 1110 bibulus
553 1073 665 1129 pascatur
680 1061 765 1121 odore,

278 1133 337 1196 Quo
352 1133 416 1181 ciato
432 1133 510 1182 tincto
526 1144 578 1182 tota
594 1133 682 1183 domus
699 1132 808 1182 redolet:

228 1204 309 1253 Aurea
324 1221 369 1253 ceu
384 1204 470 1253 libavit
486 1205 563 1267 hiems
580 1221 641 1271 quae
655 1204 745 1270 frigida
760 1205 830 1263 mala,

277 1276 393 1339 Quorum
407 1287 431 1325 te
448 1277 514 1325 solus
530 1276 632 1325 intuitus
649 1276 728 1335 saciet,

229 1347 298 1410 Quae
313 1346 394 1396 fauces
410 1348 518 1413 repleant
533 1348 604 1397 molli
620 1348 731 1397 demorsa
746 1346 830 1406 farina,

277 1419 393 1483 Quorum
407 1436 452 1468 nec
468 1424 566 1468 tenuem
581 1420 664 1469 reicias
680 1419 794 1468 tunicam.

229 1490 318 1539 Gratus
334 1491 426 1539 amicus
443 1491 496 1551 erit,
513 1491 556 1557 qui
571 1491 632 1541 fixus
649 1508 701 1539 non
715 1489 838 1549 titubabit,

276 1562 373 1611 Affectu
389 1563 432 1629 qui
447 1575 472 1611 te
487 1580 539 1611 non
554 1574 618 1611 amet
633 1562 740 1630 ancipiti.

229 1633 356 1699 Tanquam
371 1650 438 1683 mors
453 1635 540 1683 inflexa
556 1646 637 1683 manet
653 1634 752 1683 dilectio
768 1648 832 1691 vera,

276 1705 337 1754 Non
352 1705 410 1765 fera,
427 1722 479 1754 non
493 1706 594 1765 ferrum,
610 1722 662 1754 non
678 1705 762 1754 domat
777 1704 841 1770 ignis
857 1718 927 1762 eam;

227 1776 288 1826 Non
302 1777 403 1843 pelagus
420 1777 500 1826 choris
516 1778 543 1826 in
557 1777 650 1843 proelia
666 1794 722 1825 seva
738 1775 832 1834 solutis,

276 1848 337 1897 Non
352 1864 471 1916 compage
487 1850 543 1898 ratis
559 1848 715 1914 naufragium
729 1847 851 1905 minitans,

227 1918 288 1968 Non
304 1920 374 1968 fluvii
389 1920 495 1986 rapidus,
511 1922 579 1970 velut
595 1937 652 1969 arcu
668 1920 740 1968 missa
756 1920 849 1985 sagitta,

276 1991 375 2051 CursuS,
391 1992 524 2042 terrificum
539 1992 644 2058 gurgitis
660 2002 701 2039 aut
717 1991 846 2048 baratrum,

227 2063 325 2110 Latratu
341 2080 393 2111 non
410 2065 481 2113 Scilla
495 2064 557 2123 fero,
573 2081 625 2112 non
642 2080 697 2112 seva
714 2062 832 2120 Caribdis

275 2133 394 2183 Absortas
411 2151 539 2184 revomens
555 2135 625 2184 fauce
640 2145 737 2201 patente
753 2145 822 2182 rates.

226 2205 291 2253 Frixi
306 2220 351 2272 per
366 2207 474 2256 tumidos
490 2224 542 2255 non
558 2207 655 2273 expavit
669 2205 723 2254 fore
739 2206 826 2253 fluctus

276 2277 347 2326 Helle
362 2290 459 2345 promta
475 2295 566 2338 comes,
583 2278 681 2327 devehit
697 2276 742 2325 hos
758 2277 835 2325 aries:

226 2347 322 2396 Aureus
339 2348 385 2398 hos
400 2351 461 2399 aries
478 2350 594 2415 gestabat,
611 2349 729 2414 mergitur
745 2347 824 2406 Helle,

275 2419 370 2469 Nereus
386 2433 535 2488 assumptam
549 2421 667 2487 praecipit
683 2437 734 2468 esse
750 2419 837 2477 deam;

226 2489 313 2539 Nereis
329 2491 388 2540 haec
403 2505 474 2541 vasto
489 2494 573 2560 posuit
590 2510 632 2541 sua
647 2491 748 2539 nomina
763 2501 850 2557 ponto,

276 2563 358 2612 Helles
375 2581 432 2612 nam
447 2576 537 2631 pontus
554 2564 611 2612 inde
626 2574 728 2612 vocatur
744 2562 830 2611 adhuc.

191 2745 211 2777 52
223 2734 269 2768 ciato
279 2734 373 2778 :cyatho
423 2744 443 2775 57
455 2733 527 2776 grat(us)
539 2734 555 2766 in
567 2742 606 2772 raa,
617 2730 639 2765 al.
651 2741 692 2764 niati.
744 2729 763 2773 65
777 2728 850 2772 (fer).(0)
861 2738 893 2762 ras.
