2068 3216
448 197 568 232 EPISTULA
592 182 630 230 IX

183 327 347 393 Nequaquam
362 325 405 375 fidi
422 338 503 374 tamen
518 342 547 374 os
562 339 681 391 aspernor
696 324 778 386 amici,

232 397 336 448 Munera
353 397 395 446 sed
410 398 508 463 linguae
523 397 586 446 clara
602 395 681 446 fidelis
698 413 763 447 amo.

184 471 228 519 Est
245 481 276 529 et,
293 469 377 529 amice,
394 469 431 517 tui
445 468 517 518 favor
533 479 645 535 acceptus
662 468 790 534 genitoris,
913 490 933 524 35

232 542 294 590 Poni
309 558 367 590 cum
382 541 468 608 primis
484 557 559 606 quem
574 540 626 589 scio
642 555 716 606 posse
732 541 826 608 sophis

184 612 308 662 Candidus
325 624 361 662 est
376 613 456 662 nostri
472 613 515 677 qui
530 612 643 661 carminis
659 612 750 661 arbiter
765 612 847 672 heros,

233 684 308 734 Cuius
325 684 429 733 Minois·
434 683 546 751 praefero
561 683 689 743 iudicium,

185 756 236 819 Qui
251 755 329 822 pluris
345 756 451 822 gaudere
467 755 540 815 valet,
556 755 642 821 genuit
659 756 716 821 quia
732 766 828 805 tantum

232 828 399 894 Dogmatibus
416 828 516 886 clarum,
533 827 644 877 moribus
659 828 813 893 ingenuum:
912 848 935 879 40

185 900 268 949 Crevit
284 911 399 950 natorum
414 899 479 948 clara
492 899 584 948 virtute
600 914 703 947 suorum

234 971 321 1021 Gloria
335 971 481 1039 percelebris
490 970 606 1038 vpatribus
622 970 765 1020 innumeris.

185 1041 265 1092 Miror
280 1059 325 1092 cur
339 1043 457 1094 timidum
471 1053 499 1090 tu
515 1041 587 1090 dicas»
597 1042 701 1091 scribere
717 1054 832 1103 metrum,

235 1115 298 1165 Cum
314 1115 345 1164 sis
363 1114 482 1165 sermonis
497 1114 558 1163 lenis
571 1125 599 1162 ‘et
613 1114 709 1180 irrigui,

185 1186 239 1236 Nec
254 1185 324 1235 labor
339 1185 452 1235 offendar
463 1186 587 1252 gignentis
593 1185 668 1234 ”tedia
683 1185 763 1245 lunae,
912 1207 933 1239 45

233 1257 286 1306 Aut
301 1258 421 1325 crepitans
437 1269 499 1306 testa
514 1273 609 1306 crassus
624 1257 698 1322 adeps
717 1257 803 1307 Samia.

185 1329 245 1378 Esse
260 1330 308 1378 tuis
324 1342 415 1378 temere
431 1328 492 1378 dicis
507 1329 544 1377 nil
558 1328 619 1378 utile
635 1329 747 1395 scriptis:

233 1400 268 1449 At
283 1412 325 1450 tua
339 1401 405 1450 forte
421 1401 499 1467 magis
516 1400 604 1467 scripta
614 1401 715 1468 placent
730 1400 793 1461 aliis,

186 1472 252 1522 Nam
267 1471 357 1522 dictata
373 1484 429 1521 tuae
444 1472 506 1522 dum
520 1487 592 1538 ‘saepe
608 1488 706 1521 recurro
724 1472 851 1532 Camenae,

234 1543 344 1593 Pulcrius
361 1556 389 1593 ut
404 1545 489 1610 pulcre
505 1544 582 1592 sculta
598 1544 678 1609 sigilla
693 1543 806 1610 placent;
915 1565 936 1597 50

186 1615 253 1664 Utile
268 1632 321 1665 non
336 1627 433 1666 tantum
447 1615 534 1675 fateor,
550 1615 629 1664 fateor
646 1615 688 1664 sed
704 1615 845 1676 honestum,

235 1687 395 1737 Consolidare
411 1687 490 1736 bonae
505 1687 576 1736 fedus
592 1687 732 1738 amiciciae:

186 1757 299 1808 Pluribus
314 1760 356 1809 illa
371 1758 453 1810 modis
468 1759 577 1807 vincitur
590 1774 700 1818 munere,
717 1759 807 1819 verbis,

235 1831 342 1881 Lenibus
359 1831 493 1896 obsequiis,
502 1830 609 1897 iugibus
624 1830 730 1879 auxiliis.

186 1903 278 1951 Forsan
293 1903 387 1953 adulari
401 1902 521 1953 mavelle
537 1902 583 1951 tibi
597 1901 701 1961 fatearis,
730 1934 732 1943 ,
800 1943 801 1946 ,

237 1973 262 2022 Si
277 1985 301 2024 te
315 1974 438 2043 praeponi·
451 1974 536 2023 dixero
552 1990 625 2041 posse
641 1974 703 2023 mihi
714 1992 729 2023 :⁴

187 2045 248 2095 Non
263 2063 311 2111 ego
327 2046 455 2096 blandiciis
471 2045 601 2095 lenitus'id
616 2046 656 2094 aio
673 2045 754 2105 blesis,
782 2083 785 2095 ,.

236 2115 307 2166 Talio
323 2135 368 2167 nec
383 2118 481 2184 linguae
490 2118 609 2167 rredd-itur
623 2118 669 2165 iste
684 2129 747 2166 tuae.

187 2189 248 2239 Non
263 2190 361 2240 modice
377 2190 460 2249 doleo,
476 2190 546 2238 locus
562 2205 625 2238 unus
636 2205 688 2237 'nos
697 2189 763 2254 ¹quia
778 2205 858 2256 pauco

235 2261 289 2311 Nec
304 2262 370 2310 vitae
385 2273 441 2310 toto
457 2273 568 2328 tempore
583 2260 714 2309 cont-inuit.
759 2302 761 2305 Α
915 2272 938 2306 ao

188 2331 231 2382 Me
246 2333 365 2383 miserum
380 2334 445 2398 quia,
462 2350 520 2383 cum
536 2333 602 2381 duris
619 2349 649 2380 ex
664 2332 761 2380 cotibus
779 2344 847 2381 ortus

237 2404 326 2453 Credar
342 2416 366 2453 et
382 2405 408 2453 in
423 2405 496 2453 vultu
512 2420 555 2452 cor
571 2403 654 2453 videas
671 2403 787 2464 hominis,

189 2474 231 2525 Me
247 2487 329 2526 tamen
343 2493 478 2542 agnoscam
493 2476 631 2541 mentisque
647 2491 737 2523 sonore
752 2475 903 2542 prehendam
961 2504 962 2507 =

236 2548 307 2596 Ferre
322 2548 457 2615 puellarem
471 2559 571 2614 pectore
587 2546 734 2598 molliciem:

123 2669 174 2723 Ι58
186 2664 264 2710 (c)ui(us)
276 2667 305 2699 vix
315 2664 346 2709 legi
352 2670 411 2710 potest.
460 2664 630 2707 40clatuminras.
680 2663 903 2708 54(iugibus)....au(xiliis)

119 2725 178 2749 aaran
615 2733 617 2736 -
