2068 3216
387 248 471 282 aassro
487 250 509 281 a.
527 246 610 281 naum
627 231 639 279 Ι

157 376 254 426 Aurum
269 376 394 443 magnifici
410 376 520 425 Christus
537 375 655 442 sapientia
670 375 763 442 pattis;

158 448 239 497 Plures
256 459 280 497 et
295 449 379 514 magni
394 447 487 514 lapides
503 446 634 496 hincinde
650 445 761 513 quadrati

158 519 230 568 Urbis
246 519 273 568 in
287 519 411 569 aethereae
427 519 520 585 degunt
535 518 680 569 fundamine
695 518 760 577 iacti,
872 539 903 572 245

157 590 211 640 Nec
225 592 316 657 poterit
330 591 392 658 poni
407 590 467 658 lapis
483 590 547 640 ullus
563 591 590 639 ni
604 591 739 657 preciosus,

157 662 197 711 De
207 663 295 729 quibus
306 674 342 712 est
352 662 453 712 Maurus
463 662 566 730 pulcher
574 662 635 729 lapis
645 673 718 728 atque
729 661 868 727 quadratus

158 733 256 783 Talibus
272 735 391 784 extruitur
406 734 467 783 saxis
483 733 541 783 urbs
556 733 598 782 illa
612 732 701 793 fidelis,

158 805 251 855 Omnes
268 806 311 855 sed
326 805 413 872 quadri
428 805 521 873 lapides
538 816 594 854 sunt
610 816 683 871 atque
697 805 779 872 politi,

158 877 229 938 Quos
244 877 299 927 vice
314 878 432 928 caementi
448 877 548 926 dilectio
565 888 646 926 sancta
660 875 755 943 ligabit,
872 897 905 931 250

159 948 246 997 Sillaba
260 950 340 1016 prima
355 960 422 998 vetat
436 949 540 1017 proprio
557 965 631 1014 quam
646 948 748 1000 nomine
764 948 850 998 scribi:

159 1019 184 1067 Si
201 1021 332 1069 «caritas»
350 1020 438 1080 dicam,
454 1021 536 1087 legem
550 1021 678 1071 metricam
693 1018 757 1071 male
775 1020 871 1069 laedam

157 1091 196 1139 Fit
176 1092 273 1157 aquia
294 1092 368 1158 longa
391 1092 489 1142 brevis.
510 1092 603 1160 poterit
624 1091 668 1141 sed
688 1106 737 1158 pax
757 1092 868 1140 vocitati.

158 1163 224 1211 Haec
237 1175 333 1212 aeterna
346 1175 436 1224 manet,
450 1163 589 1213 transibunt
602 1180 709 1229 namque
721 1162 791 1223 fides,
806 1180 869 1230 spes,

157 1234 223 1283 Haec
233 1234 294 1301 ligat
305 1236 425 1301 angelicas
437 1247 536 1285 aeterno
547 1235 647 1285 foedere
658 1247 758 1294 turmas,
867 1256 903 1290 ,255

156 1306 228 1355 Necti
230 1319 243 1355 t
221 1318 392 1357 rsanctorum
402 1306 462 1355 forti
474 1307 616 1373 religamine
627 1319 735 1367 coetum,

156 1376 239 1442 Iungit
255 1390 279 1427 et
293 1378 419 1428 alterutras
435 1395 479 1446 per
495 1390 580 1430 mutua
595 1379 695 1428 vincula
710 1378 802 1438 turbas,

157 1449 263 1515 Utraque
279 1450 361 1499 iuncta
376 1451 433 1499 Deo
449 1451 604 1516 conglutinat
618 1450 717 1516 agmina
733 1467 839 1509 summo,

156 1520 231 1569 Cuius
247 1521 366 1580 laetificat,
384 1522 461 1581 satiat,
477 1522 633 1572 iuvenescere
648 1533 754 1590 praestat

156 1591 234 1652 Visio,
252 1610 299 1659 qua
314 1593 370 1659 puri
386 1594 452 1642 cives
468 1605 601 1661 pascuntur
617 1594 730 1660 Olimpi;
871 1603 905 1638 260

155 1662 194 1712 De
211 1680 257 1729 qua
272 1664 423 1731 psalmigrafi
438 1666 526 1715 cecinit
542 1665 653 1714 sollercia
668 1665 747 1715 vatis:

156 1751 170 1780 a
181 1735 275 1795 Gloria,
288 1753 383 1787 summe
394 1738 472 1797 Deus,
484 1749 526 1786 tua
538 1737 600 1786 dum
610 1736 653 1786 fiet
664 1736 801 1797 manifesta,

154 1805 304 1874 Apparendo
320 1809 368 1857 tuis
385 1808 495 1858 saciabor
510 1808 683 1875 glorificatis».

156 1876 226 1927 Tunc
241 1879 280 1927 sol
295 1879 451 1946 splendificus
467 1881 588 1948 praeclara
603 1879 723 1946 lampade,
740 1880 844 1939 Christe,

155 1949 378 2010 Perfundertotos,
395 1951 468 2001 habet
483 1952 542 2001 urbs
559 1968 622 2019 quos
639 1951 734 2011 caelica,
751 1952 837 2010 iustos,
871 1962 903 2005 265

156 2022 345 2089 Cognoscesque
360 2023 444 2072 Deum
460 2024 558 2073 renovit
574 2035 601 2072 ut
616 2024 658 2072 ille
674 2023 819 2090 benignum,

155 2094 242 2143 Laetus
259 2105 283 2143 et
298 2094 413 2143 alterutra
429 2096 459 2144 de
475 2095 621 2161 cognitione
636 2094 765 2155 manebis;

155 2164 270 2214 Vivificas
286 2165 330 2214 ubi
346 2167 421 2232 spirat
437 2166 483 2216 flos
498 2180 610 2216 aeternus
627 2166 725 2225 odores,

155 2235 267 2303 Flagrant
280 2236 399 2297 cinnama,
413 2238 478 2298 thus,
492 2255 555 2299 rosa,
569 2239 684 2298 balsama,
697 2238 755 2297 lilia,
769 2239 867 2297 nardus

156 2309 204 2357 Hic
220 2325 302 2358 secura
318 2310 395 2375 quies,
411 2311 492 2359 cordis
509 2310 621 2359 iubilatio
636 2326 741 2378 perpes;
870 2332 905 2364 270

155 2380 328 2446 Virgineisque
343 2382 405 2430 novi
420 2383 554 2448 persultant
570 2382 674 2431 vocibus
691 2381 777 2440 lumbi,

155 2451 268 2518 Angelici
284 2452 388 2513 moduli,
404 2455 526 2504 iustorum
541 2456 657 2521 timpana,
673 2453 751 2512 nervi,

120 2582 151 2613 244
167 2580 227 2615 prutes
243 2571 262 2605 P.
331 2582 361 2615 245
372 2571 441 2605 etheree
449 2572 468 2609 P.
528 2572 560 2615 246
568 2571 673 2616 inpretiosus
681 2572 700 2607 Ρ.
761 2582 793 2615 250
801 2583 870 2606 cemen-

83 2619 97 2654 ti
110 2620 129 2653 Ρ.
213 2629 244 2661 252
258 2626 357 2661 metretam,
372 2619 430 2654 ledam
438 2620 456 2654 P.
521 2631 554 2663 254
571 2620 609 2662 hec,
626 2627 686 2654 eterna
695 2621 713 2653 P.
781 2630 811 2663 255
831 2619 869 2661 hec,

82 2675 149 2709 eterno,
159 2664 218 2700 federe
226 2667 245 2700 P.
294 2666 326 2709 256
336 2674 395 2701 cetum
404 2668 423 2701 P.
478 2679 510 2712 259
519 2668 598 2709 letificat,
608 2674 674 2712 prestat
684 2668 702 2701 P.
758 2666 788 2701 261
799 2666 870 2712 psalmi-

83 2714 150 2759 graphl,
161 2712 238 2748 sollertia
248 2714 266 2747 P.
331 2714 364 2756 264
373 2714 456 2759 preclara,
467 2715 541 2750 christus
551 2717 570 2750 P.
631 2715 661 2758 265
675 2715 727 2749 celica
733 2715 752 2749 P.
813 2715 845 2749 266
852 2725 870 2749 te

83 2762 134 2797 novit
140 2763 157 2796 P.
207 2761 238 2805 267
244 2760 290 2795 letus
296 2761 314 2795 P.
364 2762 395 2796 268
402 2770 473 2797 eternus
479 2764 498 2798 Ρ.
547 2774 578 2806 271
590 2763 651 2807 hymni
661 2764 679 2797 P.
