2068 3216
491 222 611 257 narseum
626 209 663 256 ΙΙΙ

262 351 356 400 Sonmo
372 351 467 417 sopitos
484 351 601 399 clauserat
617 351 666 399 hoc
681 352 780 416 pueros,

214 423 297 471 Cernit
312 422 422 490 puniceis
439 439 501 488 quos
518 438 590 471 sanos
606 422 689 471 ludere
705 423 796 487 pomis,

263 494 340 543 Tanta
355 492 416 543 fides
431 508 506 560 purae
521 505 626 560 praestat
642 494 782 552 amiciciae;

215 566 302 632 Sospes
319 565 421 614 Amicus
437 564 496 625 abit,
513 566 556 630 qui
572 565 679 614 multum
693 576 779 630 postea
795 565 857 614 vixit

263 636 310 686 Sed
325 637 406 705 leprae
421 636 495 686 nuliis
511 638 560 685 iam
575 637 657 686 varius
674 637 783 685 maculis.
929 658 962 692 320

213 709 280 757 Haec
295 708 368 757 retuli
383 707 437 767 tibi,
454 725 507 757 care
523 708 592 768 mihi,
610 708 705 757 studeas
721 711 749 756 ut
765 709 849 768 amari,

262 781 309 829 Pro
327 781 379 829 sola
395 796 492 847 spernas
509 780 535 829 id
551 780 628 829 modo
644 780 756 829 iusticia:

213 852 324 901 Iusticiae
340 852 393 901 zelo
409 852 466 900 licet
481 852 551 900 irasci
566 851 612 901 tibi
627 867 692 911 caro,

262 922 343 972 Maior
358 923 467 972 amicicia
484 922 589 989 denique
604 923 707 972 iusticia.

214 994 316 1062 Corripe
332 1012 365 1054 se,
381 995 431 1044 ledi
448 996 559 1060 quamvis
575 1006 671 1044 accuset
686 994 801 1053 amicum,
930 1016 962 1050 325

261 1067 316 1116 Nec
331 1078 425 1115 mutare
440 1067 502 1116 velis
518 1078 600 1118 mente
614 1081 703 1134 parum
718 1066 819 1126 stabilis,

213 1137 338 1187 Destituas
354 1154 400 1187 nec
416 1139 442 1186 in
457 1138 565 1187 adversis
582 1138 625 1187 sed
640 1138 721 1187 honus
739 1153 813 1204 grave
828 1150 917 1204 porta:

262 1210 322 1259 Non
337 1209 479 1259 inimicicias
495 1209 558 1259 ferre
574 1225 659 1276 graves
676 1209 769 1268 dubita,

214 1280 315 1330 Praebet
330 1297 437 1346 namque
452 1293 507 1330 tuae
523 1282 609 1330 solatia
625 1282 729 1330 maxima
744 1282 827 1340 vitae3
938 1331 940 1333 ,

263 1352 329 1401 Huic
344 1353 422 1420 aperis
439 1354 549 1402 animum
563 1353 671 1402 crebrius
687 1352 840 1418 ambiguum,
930 1374 964 1408 350

215 1424 297 1473 Poscis
314 1424 454 1484 consilium,
470 1425 602 1491 permisces
619 1424 680 1473 seria
694 1424 790 1484 iudum,

263 1496 329 1545 Hinc
345 1497 415 1561 quasi
431 1507 455 1545 te
470 1512 554 1545 carum
570 1512 666 1562 semper
681 1496 781 1545 habebis
798 1513 863 1545 eum.

214 1568 244 1615 In
259 1566 331 1617 rebus
348 1567 416 1616 duris
433 1568 476 1633 qui
492 1584 544 1616 non
560 1578 641 1616 manet
657 1584 735 1633 usque
750 1567 838 1627 fidelis,

263 1639 312 1687 Hic
327 1655 380 1688 non
394 1639 516 1688 unanimis
533 1639 576 1688 sed
585 1639 720 1688 'simulator
735 1641 789 1689 erit.

214 1709 296 1759 Debet
311 1710 435 1759 amiciciae
450 1710 583 1759 concordia
598 1711 652 1759 talis
668 1711 746 1760 inesse

263 1781 360 1836 Reddat
376 1799 401 1831 se
416 1798 494 1849 parvo
511 1799 615 1848 magnus
631 1794 659 1830 ut
675 1783 727 1849 ipse
742 1799 834 1849 parem.

214 1853 329 1918 Denique
346 1853 483 1920 disparibus
500 1871 551 1902 non
567 1871 619 1903 esse
635 1854 714 1903 solere
729 1866 839 1902 tenacem

264 1924 378 1973 Moribus
394 1925 490 1974 assidue
506 1925 583 1974 cernis
600 1925 751 1974 amiciciam:

217 1994 242 2044 Si
258 1997 340 2044 minor
355 1996 470 2062 obiurget
486 2014 538 2045 non
553 1998 687 2062 asperneris
703 1997 804 2056 amicus,

264 2066 299 2116 At
314 2067 406 2117 tribuas
422 2084 507 2117 aurem
522 2068 565 2117 sed
581 2068 681 2116 monitis
698 2068 802 2117 facilem.

472 2268 623 2312 EPISTULA
640 2269 674 2311 ΙΙΙ

465 2365 510 2407 AD
539 2365 682 2408 ODONEM

216 2499 309 2547 Forsan
324 2498 429 2548 demissa
445 2498 578 2558 miraberis,
595 2497 662 2558 Odo,
680 2499 764 2557 salute,

266 2569 367 2619 Rodulfi
383 2571 498 2637 scriptam
514 2586 588 2635 quam
602 2570 663 2635 legis
680 2587 732 2618 esse
749 2587 832 2629 nunu,

218 2640 302 2707 Teque
318 2642 438 2690 salutandi
453 2641 527 2690 fuerit
544 2658 605 2707 quae
621 2658 692 2690 causa
708 2643 833 2707 requiras:

267 2712 331 2772 Sola,
348 2714 416 2772 scias,
434 2715 552 2779 quoniam
568 2714 616 2762 sim
631 2730 726 2762 memor
742 2715 793 2778 ipse
810 2714 854 2761 tui.
