2068 3216
331 192 364 224 DE
380 192 587 226 urrarounuffluus
605 179 634 226 V.
655 196 664 226 1

142 318 197 365 Iura
213 318 350 367 Pisistratus
367 318 408 367 dat
424 319 526 369 Palladis
541 320 601 369 urbe
615 322 732 382 tirannus,

191 389 294 439 Pulcher
309 402 373 439 amat
388 391 499 456 pulcram
513 391 593 459 puber
609 410 639 441 eo
655 394 770 459 genitam,

143 460 235 510 Oscula
250 461 291 510 dat
304 462 411 529 pulcrae,
426 462 474 511 fuit
488 463 573 523 obvia,
588 463 667 532 puber
681 466 780 525 amicae,

191 532 264 582 Urbis
281 544 305 582 et
320 533 346 582 in
362 534 445 583 medio
462 534 531 601 quod
546 536 615 585 videt
630 536 676 585 ista
691 536 748 586 foro

142 602 262 653 Tristatur
277 616 361 665 mater,
378 606 497 673 quoniam
512 606 580 656 dedit
595 608 680 656 oscula
694 608 781 675 puber,
851 617 852 620 ’

190 676 225 725 Ut
239 688 321 743 pereat
336 677 423 743 poenis
438 679 539 746 expetiit
554 678 645 739 variis;

141 747 225 814 Inquit
240 748 263 797 ei
279 749 383 814 genitor,
399 761 503 817 «pereat
519 751 539 799 si
554 761 639 799 noster
653 762 755 811 amator,

190 820 236 868 His
253 819 313 886 quid
329 821 375 870 erit
389 820 465 870 foedo
482 822 525 890 qui
540 822 644 871 lacerant
659 822 720 872 odio
736 823 771 871 ?»

140 889 215 939 Illum
231 890 371 959 Trasippus‚
389 909 445 941 suus
463 905 487 942 et
502 893 636 961 prandebat
651 895 752 954 amicus,

190 962 279 1012 Ebrius
294 964 321 1012 in
336 965 426 1013 mensis
441 977 562 1031 provocat
578 965 727 1032 obprobriis,

142 1033 270 1083 Continuit
285 1052 374 1085 vocem
389 1036 463 1085 iudex
477 1037 636 1103 animumque
651 1037 766 1098 ferocem,

189 1106 239 1155 Vix
254 1106 312 1155 haec
327 1107 390 1156 ferre
405 1109 488 1156 virum
502 1123 576 1175 posse
591 1121 662 1176 putes
679 1110 803 1169 miserum,

140 1179 172 1226 Et
187 1179 280 1227 veritus
296 1195 328 1227 ne
344 1178 374 1228 de
391 1196 467 1228 coena
483 1180 616 1248 Trasippus
632 1180 717 1240 abiret,

187 1250 339 1316 Aggreditur
354 1251 437 1300 multis
454 1250 549 1300 flectere
565 1251 697 1312 blanditiis,

140 1321 191 1384 Qui
206 1320 267 1371 furit
283 1333 306 1371 et
323 1334 396 1389 sputo
412 1323 481 1371 ducis
497 1323 609 1390 inquinat
624 1341 653 1372 os
669 1324 813 1383 temulento,

188 1395 247 1443 Dux
262 1393 377 1459 prohibet
392 1406 462 1443 natos
479 1393 545 1443 hunc
560 1395 649 1443 laniare
666 1412 740 1455 suos;
759 1437 760 1440 ,

139 1463 219 1514 Meret
234 1466 331 1532 digesto
349 1466 480 1533 Trasippus
497 1478 582 1531 postea
598 1467 667 1526 vino,

189 1538 266 1605 Seque
282 1537 354 1586 ferire
371 1554 416 1586 suo
432 1549 535 1605 temptat
550 1538 585 1587 ob
601 1539 649 1587 hoc
665 1538 757 1604 gladio,

139 1610 193 1674 Ipse
209 1609 346 1658 Pisistratus
363 1625 437 1676 quern
452 1609 593 1658 conciliavit
609 1610 709 1670 amicus,

186 1681 264 1748 Inque
281 1692 371 1729 statum
384 1681 477 1748 priscae
493 1680 546 1730 fixit
562 1682 692 1730 amiciciae.

140 1750 206 1800 Urbe
223 1751 352 1803 Tarentina
367 1752 513 1819 prandentes
529 1752 604 1802 verba
619 1764 734 1818 proterva

187 1824 299 1890 Principe
315 1823 345 1872 de
361 1824 430 1873 Pirro
445 1824 598 1890 protulerant
613 1825 730 1883 iuvenes3

140 1894 241 1957 Quaerit
257 1895 287 1943 ab
303 1894 341 1944 his
358 1896 438 1944 Pirrus
455 1895 577 1963 numquid
593 1895 623 1944 de
640 1913 664 1945 se
681 1896 727 1944 sibi
744 1895 808 1944 dicta

187 1967 335 2016 Protulerint
344 1985 351 2025 ;
367 1967 420 2033 regi
435 1968 547 2032 protinus
564 1984 627 2016 unus
644 1967 685 2026 ait,

142 2037 286 2087 «Deficeret
301 2038 429 2087 modicum
443 2039 491 2087 nisi
506 2038 578 2087 nobis
595 2050 646 2087 tam
661 2039 711 2087 cito
727 2039 822 2098 vinum,

187 2111 254 2158 Haec
270 2127 332 2178 quae
346 2110 496 2175 protulimus
512 2110 586 2159 verba
602 2109 670 2159 fuere
685 2110 763 2169 iocus,

139 2181 184 2230 His
202 2181 236 2230 sic
252 2181 383 2230 contuleris
400 2198 461 2247 quae
477 2181 566 2230 dicturi
581 2181 704 2230 fueramus
714 2199 746 2241 »3

186 2253 250 2302 Risit
266 2264 290 2302 et
308 2253 390 2302 «haec
405 2254 498 2312 vino»,
515 2269 557 2302 rex
576 2264 762 2320 «reputemus»
778 2252 829 2312 ait3

139 2325 208 2391 Ergo
226 2324 361 2373 Tarentinis
377 2324 422 2373 hac
438 2324 623 2373 mansuetudine
639 2325 723 2391 captis,

186 2395 283 2445 Affectu
298 2397 376 2445 nimio
393 2397 545 2445 consotiatur
561 2396 603 2445 eis.

137 2467 220 2533 Argos
236 2467 349 2535 auspiciis
365 2467 452 2516 urbem
468 2467 529 2516 dum
544 2468 652 2533 cingeret
668 2468 745 2526 atris,v
851 2478 898 2521 f.51

187 2540 277 2606 Captus
293 2539 324 2587 ab
339 2540 440 2605 Argivis
456 2540 547 2588 vertice
562 2539 677 2605 plectitur
692 2539 729 2598 is;

103 2656 133 2702 163
146 2658 186 2701 h(is)
198 2660 227 2692 aix
238 2657 268 2701 legi
275 2654 333 2701 potest.
384 2657 415 2699 164
427 2634 477 2700 (rislit
489 2659 517 2690 vix
528 2656 558 2700 legi
565 2662 623 2701 potest.
674 2656 702 2700 165
717 2657 769 2701 .(rgo)
782 2656 812 2700 legi
822 2668 850 2691 non

63 2711 122 2749 potest.
790 2727 792 2734 .
