2068 3216
176 168 203 213 25
212 169 224 199 2

459 239 577 274 nnrsrum
594 227 605 273 Ι

175 366 297 415 Conditur
313 366 414 416 infernis
430 368 520 416 iterum
536 366 645 416 demersa
661 368 777 430 cavernis,

224 438 329 488 Reddita
345 439 394 487 iam
409 455 461 488 non
477 450 520 499 est,
538 439 632 488 fleverit
648 439 689 488 ille
704 439 777 502 licet;

175 509 272 559 Musica
287 509 402 569 dulcedo
419 511 488 576 quasi
505 510 602 559 sorbeat
617 521 668 560 atra
683 527 786 577 vorago,

224 582 248 631 A
264 582 358 649 superis
374 580 471 648 fugiens
488 582 584 631 aethere
599 599 651 630 non
667 581 763 644 fruitur,

176 652 291 719 Orpheus
308 671 322 702 a
337 654 413 702 caecis
431 670 506 720 quam
521 653 582 702 dum
596 653 706 721 proferre
721 654 819 706 latebris

224 724 327 785 Nititur,
343 724 385 774 illa
400 725 478 791 magis
495 725 610 774 conditur
625 726 651 773 in
667 725 779 777 tenebris.

176 796 293 846 Versibus
310 797 415 846 heroicis
432 797 452 846 si
468 813 565 846 carmen
581 797 685 846 scribere
701 798 790 862 gliscis,

226 869 273 918 Seu
289 869 367 917 mavis
384 868 468 935 elegis,
485 884 585 917 munera
601 885 675 917 nemo
691 868 775 931 dabit;

176 941 252 988 Nulla
267 939 329 989 feret
344 940 439 989 iambus
455 939 501 989 tibi
516 941 630 1007 praemia,
647 941 714 989 nulla
729 942 851 1002 trocheus,

225 1012 315 1061 Hircus
331 1028 377 1061 nec
392 1011 489 1078 tragicis
506 1012 555 1060 iam
571 1011 642 1061 datur
657 1013 709 1077 ipse
724 1013 826 1073 metris;

176 1083 251 1148 Aspis
267 1094 295 1131 ut
311 1083 431 1143 obcludit,
448 1099 522 1148 quam
538 1082 634 1132 Marsus
650 1084 774 1149 praecinit,
790 1100 868 1144 aures,

224 1156 304 1204 Aures
320 1154 412 1204 claudit
428 1166 452 1204 et
467 1155 486 1203 is
504 1155 547 1220 qui
563 1155 620 1204 dare
636 1155 696 1220 quid
712 1157 810 1221 poterit.

178 1226 220 1275 Sin
235 1228 317 1275 minus
333 1226 420 1275 urbani
437 1242 532 1275 scurrae
548 1237 664 1276 consueta
681 1229 795 1293 sequaris,

226 1298 277 1361 Qui
293 1314 345 1346 non
361 1297 464 1347 delectat
480 1298 523 1347 sed
538 1309 605 1347 tenet
620 1309 692 1364 atque
708 1310 800 1364 gravat,

178 1370 202 1419 Si
219 1386 280 1435 quae
295 1370 427 1435 protuleris
443 1370 524 1418 minus
541 1386 593 1418 esse
608 1369 717 1418 decentia
734 1371 815 1430 sentis,

225 1441 318 1490 Audiat
334 1453 361 1490 ut
377 1442 467 1507 vulgus
484 1457 546 1490 voce
561 1453 629 1506 petes
645 1443 756 1501 tremula,

177 1514 231 1562 Nec
246 1525 328 1561 tamen
343 1512 458 1562 adtendet
474 1514 622 1572 recitantem,
639 1513 665 1561 ni
680 1513 767 1562 feriato
889 1522 961 1566 f·104v

226 1585 327 1633 Pectore
342 1585 410 1633 nulla
425 1585 492 1633 iecur
507 1596 587 1633 extera
603 1600 660 1632 cura
675 1597 776 1650 premat.

178 1656 303 1704 Eximium
319 1667 401 1704 vatem
417 1657 437 1704 si
453 1657 519 1704 nasci
535 1654 599 1704 forte
615 1655 745 1705 Maronem

227 1729 283 1776 Hoc
299 1744 361 1776 aevo
378 1727 476 1776 dederat
491 1743 608 1794 prospera
625 1728 693 1777 stella
709 1729 801 1786 Venus,

178 1798 238 1848 Eius
254 1799 363 1848 iocundo
381 1800 401 1847 si
417 1800 572 1847 convenisset
587 1800 613 1847 in
628 1811 694 1848 astro

227 1871 290 1919 Tota
306 1869 390 1919 favens
407 1871 511 1936 genesis,
528 1886 586 1918 curn
600 1872 661 1919 Iove
677 1869 822 1929 Mercurius,

178 1944 233 2008 Ipse
250 1942 299 1990 suis
315 1942 379 1990 adsit
395 1942 524 1990 comitatus
542 1942 562 1989 si
578 1942 650 1990 Maro
667 1941 754 2001 Musis,

226 2013 318 2062 Pallida
333 2013 420 2062 ieiunis
429 2012 547 2062 ·faucibus
564 2029 607 2062 ora
623 2025 698 2078 gerat,

178 2086 232 2134 Nec
248 2085 330 2133 solum
345 2101 425 2133 macra
441 2101 489 2150 qua
505 2084 593 2133 scribat
609 2084 691 2150 egebit
707 2084 779 2144 aluta,

227 2156 328 2205 Caerula
343 2156 387 2205 vix
401 2156 501 2205 mandet
516 2156 557 2204 cui
572 2155 632 2204 rude
648 2171 744 2205 carmen
761 2155 813 2205 erit.

179 2228 288 2278 Scribere
303 2226 425 2276 munificis
441 2228 561 2294 impulsos
578 2244 630 2276 esse
645 2227 754 2294 patronis

228 2299 387 2348 Contendunt
402 2311 478 2358 vates,
495 2298 631 2364 dequibus
648 2315 711 2347 unus
727 2299 747 2347 is
764 2309 801 2347 est

178 2370 280 2420 Manrua
296 2370 327 2419 de
342 2371 410 2419 laetis
427 2387 502 2437 quem
517 2371 623 2419 Romam
638 2371 736 2419 miserat
751 2369 824 2436 agris,

227 2442 304 2508 Regia
320 2458 394 2507 quem
409 2442 495 2508 recipit
511 2442 578 2490 curia
593 2457 649 2490 rure
665 2453 751 2501 satum,

178 2514 264 2563 Factus
281 2524 305 2561 et
320 2514 366 2562 iste
381 2513 442 2562 viris
458 2513 595 2562 carissimus
612 2524 649 2561 est
664 2512 789 2579 generosis

85 2607 106 2639 50
228 2587 259 2633 Et
275 2585 405 2644 Mecenati,
422 2584 510 2644 Pollio,
527 2601 603 2633 necne
619 2583 681 2644 tibi;

141 2715 162 2747 30
173 2702 247 2747 (et)„(is)
259 2713 291 2738 ras.
342 2701 362 2747 3⁶
373 2709 440 2738 exterat
463 2709 562 2747 esuprasrr.
624 2712 644 2746 43
657 2713 694 2737 non
706 2701 736 2737 Cn.
796 2704 817 2743 48
831 2701 890 2745 (rure).

105 2751 189 2794 ..(satum)
209 2762 242 2785 ras.
290 2761 312 2794 49
325 2750 423 2784 carissimus
436 2761 475 2784 corr.
489 2762 511 2784 ex
523 2749 614 2784 emissis...
