2068 3216
844 119 889 168 295

449 188 568 223 sustuna
594 174 630 223 VI

235 317 312 367 Tedet
328 318 444 367 convivas
461 316 529 382 quod
544 316 602 365 facit
617 316 658 365 ille
675 332 763 377 moras,
897 328 929 362 160

187 388 895 454 Quimussant‚‘latethacforsanquodquaerimusarcha',

234 461 318 510 Indice
334 472 495 509 monstrantes
511 461 612 509 interius
628 460 742 525 positam.

188 533 246 596 Quo
260 532 350 598 pudor,
365 532 421 590 heu,
437 549 487 597 quo
501 531 545 590 fas,
561 548 612 597 quo
626 532 689 580 iusta
703 532 799 581 licentia
813 532 894 600 fugit!

235 606 291 653 Heu
308 603 392 652 stolidi
407 615 525 652 temerant
540 603 592 651 iura
608 614 695 652 statuta
710 605 825 669 patrum!

186 675 326 725 Archellam
340 675 456 740 frangunt
472 690 551 723 sacros
568 675 708 740 cineresque
723 676 851 736 revellunt,
896 686 927 729 165

236 748 307 810 Quos
323 748 410 795 tritum
426 745 527 795 credunt
543 763 594 795 esse
610 746 680 811 piper
695 746 774 806 fatui,

187 819 247 868 Inde
262 818 393 884 popinatos
409 817 509 866 condire
525 817 593 866 cibos
609 831 778 884 properarunt,

235 890 334 939 Talibus
353 901 377 939 et
395 889 451 938 laeti
470 906 494 938 se
512 900 619 938 recreant
637 890 723 955 epulis,

188 961 259 1012 Unde
275 962 377 1028 saginati
392 972 478 1009 nostro
494 960 596 1010 redeunt
611 962 718 1026 genitali,

215 1055 216 1058 ¹
237 1033 395 1082 CommiSisse
410 1033 487 1081 scelus
503 1033 580 1081 nescit
596 1049 669 1097 eques
685 1033 811 1099 reprobus.
902 1056 934 1087 170

188 1106 246 1153 Post
262 1105 366 1154 biduum
382 1103 463 1163 redeo,
480 1103 548 1152 dolet
563 1104 696 1153 infortunia
712 1121 794 1164 nemo,

236 1177 351 1226 Necdum
366 1191 502 1241 cognoram
517 1192 578 1240 quae
594 1175 655 1224 mihi
671 1177 841 1243 contigerant;

188 1248 223 1297 At
238 1247 337 1296 disiecta
353 1263 420 1296 meae
436 1247 548 1295 custodia
563 1259 691 1312 praenotat
706 1248 791 1297 archae

236 1320 390 1367 Detrimenta
405 1335 484 1368 novae
499 1319 577 1367 tristia
592 1320 731 1378 mesticiae3

189 1391 284 1439 Thecae
300 1390 361 1440 dum
375 1390 448 1438 rimas
463 1402 610 1455 perscrutor,
627 1390 704 1439 rimor
719 1405 802 1456 opaca,
900 1414 932 1446 ης

237 1462 309 1511 Forte
325 1462 457 1527 resignaret
473 1461 494 1510 si
509 1461 584 1510 michi
600 1461 747 1527 depositum,

190 1535 321 1583 Cernentes
336 1534 416 1581 nostri
432 1548 471 1582 me
486 1544 674 1597 percunctantur
689 1535 789 1583 alunni:

239 1606 325 1654 ‘Num
340 1621 397 1653 casu
412 1605 503 1671 piperis
520 1605 665 1664 sollicitaris,
681 1605 738 1655 here
754 1606 765 1654 ?

190 1676 326 1743 Inprudens
342 1676 452 1725 claustris
468 1676 552 1725 archae
568 1677 674 1725 conviva
689 1678 801 1737 revulsis,

238 1747 353 1796 Altilium
367 1747 470 1813 pingues
487 1748 581 1797 condiit
596 1748 653 1797 inde
668 1748 742 1814 dapes
752 1750 766 1798 ⁹.
904 1763 936 1794 180

190 1819 300 1870 Auribus
314 1819 373 1868 haec
387 1820 456 1868 hausi
469 1835 599 1886 posquam,
614 1820 666 1869 sine
680 1831 761 1869 mente
775 1821 887 1879 remansi,

238 1890 340 1941 Viribus
357 1890 442 1956 elapsis
459 1891 574 1940 exanimis
590 1892 683 1950 cecidi;

192 1964 255 2013 Cum
271 1963 329 2011 fletu
344 1962 414 2028 largo
429 1963 539 2028 privatus
554 1963 659 2028 pignore
675 1979 740 2022 cam,

240 2034 337 2084 Metens
353 2034 485 2101 vociferor,
503 2041 535 2082 ‘o
552 2035 622 2099 Opis,
639 2034 726 2100 ecquid
742 2052 790 2101 ago
807 2035 818 2084 ?

191 2107 236 2155 Dii
251 2105 360 2155 conferte
376 2105 444 2165 boni,
465 2121 509 2171 per
525 2122 586 2171 quac
601 2122 647 2155 vos
663 2106 765 2155 crimina
780 2106 842 2156 lesi?
904 2121 935 2160 185

229 2178 468 2243 'Votane'persolvi
484 2176 590 2243 dignane
605 2177 654 2226 liba
670 2177 727 2226 dedi
743 2178 754 2227 ?

192 2246 279 2299 Libavi
294 2247 381 2302 vestris
397 2249 498 2314 inpurus
514 2248 617 2297 forsitan
632 2249 687 2308 aris,

240 2321 339 2385 Inspexi
354 2320 426 2377 libras
442 2332 528 2370 ventre
544 2331 609 2369 satur
624 2321 748 2385 pecudum
764 2321 775 2369 ?

193 2392 253 2442 Non
269 2403 305 2448 est
320 2391 431 2459 legitimo
447 2391 556 2440 fortassis
571 2392 672 2440 victima
687 2408 755 2440 caesa

242 2462 345 2522 Ordine,
363 2463 481 2512 Sabaeum
495 2464 552 2512 thus
568 2480 647 2529 neque
662 2464 820 2529 propositum
836 2464 847 2512 ?
905 2487 939 2518 190

159 2605 188 2640 161
200 2605 320 2649 forsanquod
329 2607 346 2639 in
355 2617 387 2640 ras.
448 2605 479 2639 162
490 2605 561 2639 interius
569 2606 644 2648 positam
652 2608 669 2639 in
676 2617 709 2640 ras.
766 2605 797 2648 167
807 2605 847 2640 inde
856 2607 905 2650 popi-

123 2661 173 2688 natos
182 2652 253 2687 condire
260 2655 277 2687 r'n
284 2665 317 2688 ras.
386 2664 417 2696 172
426 2653 568 2697 (cogno)...(ra1n)
587 2664 619 2687 ras.
687 2665 716 2696 ης
725 2652 797 2689 thecae:
805 2654 817 2688 h
825 2662 904 2699 suprascr⁴

125 2712 156 2744 κῃ
168 2708 294 2745 percunctatur.
343 2712 373 2745 179
382 2700 469 2745 (re)vulsis
477 2702 493 2734 in
501 2712 533 2734 rar.
583 2712 614 2744 190
624 2700 677 2735 thus:
687 2701 699 2735 h
708 2708 788 2745 srprarcr.
