2068 3216
447 230 566 265 rustum
591 216 639 264 VH

235 359 369 407 Extruxere
385 370 478 424 quater,
494 370 614 425 computo
630 375 675 407 nec
691 357 817 408 modicas:

185 430 246 480 Non
261 430 328 479 abies
344 429 445 478 cedrum
460 429 565 490 redimit,
581 447 634 479 non
648 428 756 479 fraxinus
773 445 870 490 ornum,

234 502 295 550 Non
311 517 430 567 quereum
444 502 526 568 pinus,-
543 501 659 551 sternitur
674 517 748 550 omne
763 517 858 551 nemus

186 573 220 622 Ut
235 572 351 622 fabricata
366 571 414 622 fuit
430 574 497 621 stetit
513 584 585 639 atque
600 574 626 621 in
641 573 724 622 littore
739 572 830 633 classis,

235 645 306 695 Remi
321 660 379 693 eum
394 644 465 704 velis,
480 645 595 704 anchora,
611 645 750 710 remigium,

186 716 291 782 Apuliae
307 727 401 782 cogunt
417 728 524 765 armenta
540 732 676 782 gregesque
692 714 828 775 bidentum,

235 789 317 837 Omne
332 803 407 853 pecus
425 788 542 846 Siculum,
557 787 616 836 litus
632 788 663 837 ad
679 803 831 853 equoreum3

186 859 283 924 Apulus
300 870 324 908 et
340 858 460 908 Chalaber
474 857 596 908 frumenta
611 859 653 908 dat
668 872 741 925 atque
758 859 866 919 Sicanus,

235 931 305 994 Quae
319 930 382 980 freta
397 931 528 980 traducunt
543 931 621 979 milite
636 931 794 998 praeposito;

187 1003 310 1068 Oppansis
327 1003 437 1068 sequitur
451 1003 513 1051 velis
529 1002 646 1051 exercitus
663 1002 751 1062 omnis,

233 1074 275 1124 Ad
290 1085 393 1139 portum
408 1075 490 1123 classis
506 1074 601 1139 integra
616 1074 754 1134 devehitur,

187 1145 277 1195 Sevitia
292 1145 364 1212 ponti
380 1145 422 1195 sed
438 1145 558 1197 militibus
574 1146 707 1205 maceratis,

235 1218 279 1265 Est
294 1217 390 1266 indulta
405 1217 474 1282 quies
490 1222 602 1282 tempore
616 1218 660 1266 vix
675 1216 775 1266 modico
785 1236 801 1276 ;Ι

185 1287 311 1338 Distendit
326 1288 417 1354 triplici
432 1289 538 1337 tentoria
552 1287 611 1337 fune
627 1289 730 1348 satelles,

234 1360 326 1409 Passim
341 1360 437 1426 paxillis
453 1360 579 1425 dispositis
595 1375 639 1426 per
654 1360 765 1409 humum.

186 1432 320 1496 Postquam
334 1431 398 1481 fessa
413 1431 463 1480 cibi
478 1443 553 1497 potus
569 1448 597 1480 ac
611 1431 700 1480 fomite
716 1432 797 1480 somni

234 1504 346 1569 Corpora
361 1515 476 1552 curarunt
492 1503 593 1551 mitibus
609 1515 682 1568 atque
697 1504 767 1562 iocis,

186 1575 329 1623 Cornicines
345 1592 435 1624 resono
451 1575 590 1624 discurrunt
605 1586 682 1623 castra
698 1575 782 1633 boatu,'

235 1647 372 1711 Concrepat
388 1659 412 1695 et
427 1647 502 1695 lituus
518 1646 628 1711 linquere
644 1657 720 1695 castra
735 1646 830 1696 iubens.

185 1717 284 1766 Diversi
300 1718 395 1784 generis
405 1719 526 1767 'iumentis
542 1729 594 1766 tota
610 1717 719 1783 supellex

235 1789 355 1838 Sternitur
370 1806 383 1837 a
398 1790 453 1838 lixis
470 1790 513 1855 qui
528 1801 645 1856 praeeunt
661 1806 769 1848 cuneos;

186 1861 244 1909 Post
260 1860 306 1909 hos
321 1860 452 1920 fundibali,
469 1861 579 1927 sequitur
595 1876 658 1925 quos
673 1860 769 1910 laetifer
784 1876 862 1921 arcus,

235 1932 336 1998 Quippe
351 1932 521 1999 pharetrarum
536 1932 628 1980 multus
645 1943 695 1980 erat
710 1949 837 1992 numerus,

186 2003 246 2052 Inde
261 2003 335 2069 pedes
351 2020 406 2053 acer
419 2016 546 2070 protectus
562 2003 669 2052 fortibus
685 2005 767 2063 armis,
912 2026 932 2060 95

169 2127 171 2129 ,
234 2076 358 2142 Exuperet
372 2087 456 2124 torvas
473 2076 519 2141 qui
531 2075 627 2124 feritate
642 2074 721 2135 feras;

187 2147 260 2194 Hunc
271 2162 345 2211 eques
351 2147 497 2212 insequitur,
503 2148 601 2212 sonipes
613 2163 687 2213 quem
693 2146 805 2213 turgidus
816 2147 898 2206 infert,

234 2217 326 2266 Ductat
342 2235 417 2284 quem
432 2219 520 2267 doctus
535 2218 630 2284 proelia
645 2218 801 2284 Francigena.

187 2290 335 2355 Expugnant
349 2290 426 2355 igitur
441 2290 535 2339 collatis
551 2289 645 2338 viribus
661 2289 742 2349 urbes,

233 2361 424 2429 Depopulantur
439 2378 520 2427 agros,
537 2360 628 2427 oppida
644 2360 771 2428 diripiunt.
902 2384 935 2408 100

185 2432 342 2481 Dirrachium
357 2433 460 2499 cingunt
475 2449 548 2498 rupes
563 2448 626 2498 ¹quae
642 2433 721 2482 cincta
736 2433 867 2499 profundis

150 2657 172 2689 72
183 2653 262 2680 extruere
274 2647 378 2691 Hagenmnar
388 2647 436 2690 Jnral
463 2658 495 2681 nec
502 2659 507 2682 t
515 2658 525 2681 c
533 2654 613 2691 stprascr,
662 2648 683 2691 76
696 2648 782 2682 anchora:
796 2648 809 2682 h
821 2655 900 2693 suprascr.

117 2696 139 2727 80
151 2694 243 2738 preposito
255 2694 306 2737 Jenal.
407 2698 426 2729 81
439 2695 522 2729 exeeritus
535 2694 585 2737 Jeual.
688 2699 709 2729 82
720 2695 790 2730 classis:
802 2703 900 2741 ssuprascr.

117 2740 138 2775 86
147 2741 224 2786 paxillis
232 2742 282 2785 Jmal.
325 2753 346 2786 92
357 2741 412 2776 Alixis
424 2742 475 2786 Jeaal.
525 2754 554 2776 101
567 2754 618 2787 rupes
629 2745 646 2777 in
657 2755 689 2777 ras.
