2068 3216
204 147 252 192 174

376 220 410 253 na
425 218 632 254 Mauonnmmnus
647 205 702 253 VH.
722 222 732 267 3

200 347 283 413 iurgia
299 347 450 414 Parthenope
466 346 496 396 de
512 359 579 396 certo
595 348 694 396 suscitat
709 348 762 414 agri

249 419 338 469 Limite
353 420 464 479 Nolanis
480 419 569 468 arbiter
584 431 621 468 est
635 419 733 479 Labeo;

201 491 359 541 Conveniunt
374 507 461 560 campo
477 505 589 558 proceres
604 492 692 558 populi
708 491 781 540 simul
796 507 856 551 uno,

251 564 367 613 Secedant
382 580 395 612 a
412 580 437 612 se
451 562 551 629 longius
566 563 608 612 ille
622 562 698 623 iubet,

201 636 267 684 Inter
283 652 325 684 eos
341 634 436 689 medius
452 635 567 684 discrevit
582 634 729 701 inaequore
744 649 852 702 campus,

249 707 341 775 Inquit,
358 708 495 756 «Romano
511 700 599 756 serviet
615 706 655 755 hic
669 706 765 775 populo
774 723 806 765 »3

203 779 261 842 Quo
278 790 392 828 steterant
406 778 466 828 fines
482 778 530 827 illis
546 778 614 827 iubet
629 794 681 828 esse
695 777 839 846 perhennes,

251 851 367 900 Crescunt
383 862 525 899 commento
539 850 637 917 publica
653 866 708 899 rura
723 866 800 899 nov0.

201 922 355 971 Anthiocum
370 937 453 988 regem
469 932 622 990 superaverat
637 921 689 989 ipse
704 932 844 987 potentem:

249 994 289 1043 tlli
304 993 435 1043 dimidium
449 1005 534 1061 pactus
550 1005 600 1042 erat
615 994 711 1053 ratium,

202 1066 247 1115 Per
261 1065 353 1115 medias
368 1077 448 1133 partes
464 1066 540 1115 secuit
556 1065 606 1114 dux
620 1065 721 1114 callidus
737 1064 814 1124 alnos,

249 1137 360 1187 Privatur
375 1148 427 1186 tota
442 1137 516 1202 classe
531 1137 640 1186 tirannus
655 1137 696 1186 ita.
717 1135 718 1138 ’

201 1209 225 1258 Α
242 1208 299 1259 Silla
313 1209 464 1276 proscriptus
480 1221 534 1258 erat
547 1208 667 1270 Sertorius
683 1224 744 1268 acer,

250 1282 367 1348 Corporis
383 1292 455 1346 atque
470 1281 546 1330 animi
561 1280 661 1330 dotibus
676 1280 729 1348 ipse
743 1289 849 1347 potens;

202 1353 246 1402 Est
262 1354 312 1403 dux
326 1352 418 1402 invitus
435 1353 556 1402 Lusitanis
571 1363 657 1419 postea
671 1351 757 1411 factus,
894 1344 901 1357 ”
928 1354 930 1357 ’

251 1426 318 1474 Gens
334 1442 362 1474 ea
377 1423 527 1473 Romuleum
537 1423 695 1492 persequitur
708 1422 839 1491 populum,

201 1496 291 1545 Totam
306 1496 423 1546 Romanis
438 1495 516 1544 aciem
530 1494 686 1563 praetendere
702 1494 783 1561 gestit,

249 1570 368 1635 Frangere
382 1567 501 1635 paulatim
515 1567 566 1616 dux
579 1566 692 1635 perhibet
707 1566 811 1624 melius;

201 1640 345 1707 Disceptant
355 1658 361 1690 ε
371 1639 412 1688 hic
422 1655 498 1706 equos
508 1640 573 1688 locat
582 1639 608 1687 in
617 1638 701 1687 medio
711 1637 757 1687 sibi
767 1636 847 1696 binos,

250 1713 319 1761 Unus
335 1722 385 1761 erat
400 1710 504 1771 validus,
520 1710 581 1759 alter
596 1721 620 1759 et
635 1709 765 1769 invalidus,

201 1783 309 1833 Caudam
325 1783 368 1850 qui
383 1782 459 1832 validi
474 1782 577 1850 carptim
591 1781 650 1830 facit
664 1799 678 1830 a
694 1797 750 1830 sene
765 1779 832 1840 velli,

248 1854 354 1904 Invalidi
369 1853 472 1903 caudam
487 1853 529 1903 sed
546 1853 618 1902 simul
634 1870 647 1901 a
662 1854 768 1911 iuvene;

201 1927 310 1993 Carptim
324 1925 396 1976 fortis
412 1926 469 1993 equi
485 1925 610 1975 divellitur
625 1941 639 1973 a
655 1941 710 1973 sene
726 1922 809 1982 cauda,

248 2000 278 2047 In
296 2014 392 2047 cassum
407 1997 489 2065 dispar
504 2007 607 2064 temptat
622 2010 685 2063 opus
701 1994 811 2044 iuvenis:

202 2088 216 2117 <‹
226 2070 264 2119 Sic
279 2070 344 2121 vires
359 2069 431 2119 Italas
447 2069 525 2118 hostis
542 2068 585 2136 qui
599 2066 710 2134 frangere
725 2077 837 2132 temptas,

248 2142 345 2190 Frustra
360 2140 455 2189 conaris
472 2141 492 2189 si
508 2140 581 2189 simul
596 2138 744 2205 aggrederis,

200 2213 235 2261 At
249 2212 328 2279 magis
343 2211 439 2263 assidue
454 2212 605 2280 carptimque
620 2210 662 2259 has
677 2209 771 2259 laedere
787 2208 891 2275 quibis»
903 2225 909 2256 ε

249 2283 332 2333 Credit
348 2284 441 2333 sollerti
456 2282 571 2333 barbarus
586 2283 639 2350 ipse
655 2282 719 2331 duci.

199 2355 294 2404 Aedilis
309 2356 460 2423 proscriptus
477 2371 536 2414 eras,
552 2354 591 2403 vir
607 2369 680 2419 gnare
695 2352 792 2411 Volusi,

248 2426 333 2477 Induis
348 2427 454 2477 Isiacum
469 2443 520 2492 quo
535 2426 608 2475 lateas
624 2424 742 2484 habitum,
909 2434 921 2470 f.
935 2445 971 2477 74v

201 2499 289 2564 Sicque
304 2498 411 2566 petendo
428 2497 517 2566 stipem
532 2496 638 2546 mendici
656 2506 759 2545 scemate
774 2493 873 2553 vadens,

163 2690 311 2735 37Anthi0cum:
322 2690 420 2733 hsaprascr.
459 2698 480 2730 42
492 2674 556 2732 atquei
567 2667 602 2731 que
612 2692 691 2731 suprascr.
727 2696 749 2729 47
760 2685 800 2720 hic:
812 2695 822 2718 c
832 2690 906 2729 suprascr

128 2749 146 2783 53
160 2738 217 2783 quibis
227 2737 315 2782 :quivis
