2068 3216
123 133 155 176 80
243 216 278 249 DE
293 216 502 251 Muuoxnumtsus
518 203 561 252 ΠΙ.
580 220 594 265 7
610 231 620 238 -
636 204 679 252 ΙΙΙ.
698 209 710 251 8

170 344 236 393 Hinc
252 344 317 412 apud
332 343 458 393 Alcestem
472 345 631 412 conqueritur
645 346 782 412 tragicum

41 429 43 436 ⁸
121 415 166 464 ille
181 415 271 464 fatetur
287 433 312 464 se
328 427 443 465 centenos
460 417 636 482 composuisse,

171 489 261 536 «Inter
276 504 321 536 nos
339 487 418 537 differt
434 488 482 537 hoc
492 506 517 547 »,
532 489 566 537 ait
583 489 719 556 Euripides,

123 559 255 625 «Tempus
271 559 297 607 in
313 576 387 608 omne
403 559 459 619 mei,
476 559 559 609 triduo
576 576 638 626 quos
655 561 817 627 composuisti

170 630 220 680 Vix
235 631 284 679 hoc
300 630 438 690 subsistent,
454 632 547 680 viscere
563 632 654 699 quippe
670 644 781 682 carent».

123 703 187 751 Cum
203 701 268 750 Leda
284 703 392 768 genitam
408 703 548 770 sculpsisset
563 704 589 751 in
604 720 659 752 osse
675 705 802 763 Lacenam,

172 773 360 840 Comprendisse
375 774 448 823 refert
466 774 553 823 Zeuxis
569 775 596 823 in
611 775 691 841 effigie

125 845 252 907 Quantum
267 846 333 894 Leda
349 846 412 913 quiit
427 847 523 895 caelesti
538 846 640 895 fundere
654 858 733 927 partu

174 918 301 982 Quantum
312 916 446 968 Meonides
463 919 596 985 exprimere
611 917 720 983 ingenio

125 988 189 1036 Cum
203 989 277 1043 Iouis
287 989 401 1038 eximiam
415 990 532 1054 pinxisset
548 989 633 1039 Phidia
648 988 761 1050 formam,

174 1060 229 1122 Qua
246 1059 282 1108 nil
297 1061 397 1110 humani
412 1061 491 1127 pulcri
492 1078 520 1109 us
537 1072 572 1109 est
588 1061 677 1127 operis,

126 1131 270 1196 Quaerebat
273 1132 381 1213 quidam
394 1149 447 1200 quo
465 1144 571 1183 mentem
586 1132 688 1181 fixeriti
680 1147 758 1198 ipsam

173 1202 277 1251 Dum
259 1215 293 1252 sic
308 1204 431 1270 insignem
446 1205 586 1270 composuit
603 1204 711 1269 spetiem:

125 1276 275 1324 Instructum
282 1292 381 1356 magno
398 1276 500 1324 doctore
515 1275 604 1324 fatetur
621 1276 739 1334 Homer0,

174 1346 225 1408 Qui
242 1347 337 1412 scripsit
353 1347 444 1399 nitidos
461 1347 491 1396 de
507 1347 567 1395 Iove
583 1346 723 1395 versiculos.

124 1417 182 1466 Irati
198 1419 263 1467 cives
280 1419 412 1484 iniungunt
429 1418 613 1484 Epaminondae

175 1490 252 1552 Quod
267 1490 371 1539 foedum
386 1490 479 1538 ducunt
495 1490 597 1555 amplius
615 1489 728 1548 offitium,

127 1562 237 1610 Sternere
254 1562 379 1610 Thebanus
397 1579 464 1610 caesa
480 1561 510 1610 de
526 1575 586 1627 rupe
603 1561 702 1620 Plateas,

176 1633 223 1681 Hic
239 1649 301 1699 opus
318 1633 455 1681 iniunctum
470 1632 564 1699 perficit
580 1633 728 1698 aegregium.

126 1704 233 1752 Annibal
250 1705 305 1753 exul
322 1715 379 1763 erat,
396 1705 506 1754 Prusiam
522 1718 591 1784 saepe
608 1703 723 1752 monebat

175 1776 300 1824 Romanos
316 1787 401 1824 contra
416 1776 510 1841 proelia
526 1792 580 1824 susc
581 1775 662 1841 itpere

127 1847 178 1909 Qui
193 1846 298 1913 pecudes
316 1859 411 1906 mactat,
428 1848 500 1913 probi
475 1847 559 1895 hibent
576 1846 664 1895 bellare
681 1845 723 1894 sed
739 1829 800 1905 exta,

175 1919 251 1967 iratus
269 1919 321 1984 regi
337 1918 408 1967 dux
402 1930 435 1967 111
451 1920 547 1975 Poenus
563 1919 612 1966 ait:

128 1989 295 2049 «Crediturl
286 1991 325 2049 ha,
339 1991 394 2056 poti
395 2007 423 2038 us
438 1990 541 2038 vitulina
554 1988 681 2037 caruncula
691 2004 765 2054 quam
779 1987 837 2047 dux,

175 2061 294 2111 Nudavit
302 2061 391 2110 crebris
408 2062 451 2127 qui
467 2061 549 2109 Latios
566 2061 630 2126 spoli
631 2075 673 2108 s
667 2060 702 2108 ³

350 2204 393 2246 DE
415 2202 615 2246 CONSTANCIA

437 2331 439 2334 ’
473 2318 485 2360 8

127 2421 235 2470 Annibal
251 2407 363 2469 Italicum
379 2420 475 2485 Capuae
495 2419 600 2484 spondet
616 2420 672 2468 dare
689 2383 830 2486 sceptrum,3

177 2493 259 2542 Credit
275 2492 398 2557 figmentis
415 2490 472 2539 urbs
490 2490 600 2540 malefida
616 2491 702 2550 ducis;
749 2506 764 2522 -’
780 2505 782 2518 ³

128 2564 236 2613 Annibal
252 2575 279 2612 ut
295 2563 368 2628 fugit,
385 2563 482 2610 Flaccus
500 2562 608 2627 Capuam
623 2562 669 2611 sibi
687 2562 779 2621 subdit,
789 2596 803 2611 .
828 2590 829 2599 ³

92 2741 124 2775 104
136 2731 245 2776 (subsistent
255 2734 272 2765 in
283 2743 315 2766 ras.
365 2729 586 2776 106esfigie2fsuprascr.
636 2741 665 2773 123
678 2709 858 2774 ha2liruprasc'r...¹
