2068 3216
777 142 824 187 127

299 217 334 249 ou
349 213 558 250 Mauonnarmuus
575 199 605 246 V,
624 213 639 256 4

111 343 172 393 Filia
187 343 316 392 custodem
332 355 402 409 rogat
417 355 446 392 ut
462 360 487 392 se
502 342 583 392 visere
599 353 702 390 matrem

160 415 294 475 Permittat,
311 415 382 464 cessit
399 415 442 464 sed
457 426 540 464 tamen
554 413 647 480 absque
663 414 741 473 cibis;

112 486 225 536 Praebuit
239 486 281 535 issa
298 503 351 535 suas
367 486 480 552 genitrici
497 501 584 552 sugere
599 501 726 544 mammas,
841 493 861 536 65

160 558 252 609 Vivere
268 574 343 625 quam
358 569 441 607 custos
457 557 575 626 obstupet
590 556 683 623 absque
699 557 773 616 cib03

114 631 228 694 Quadam
243 646 303 680 vero
320 629 360 678 die
376 630 513 696 speculatus
530 646 568 679 eas
586 629 704 688 studiose,

162 703 296 768 Sugentem
311 718 444 750 manunam
459 701 580 768 conspicit
596 701 659 750 hanc
675 700 758 760 solito,

113 775 166 824 Nec
181 785 251 842 putat
266 773 308 822 ille
323 789 420 823 novum
434 774 531 840 pietatis
547 787 612 840 opus
628 772 788 830 reticendum,

160 845 255 895 Indicat
270 844 319 894 hoc
336 844 438 912 stupidis
454 844 512 893 ilico
528 844 665 894 iudicibus:
843 864 865 895 70

114 917 155 966 Ob
172 918 288 974 meritum
303 928 372 966 natae
388 917 532 983 genitricem
547 933 607 966 mox
623 916 726 976 soiuere,

161 990 270 1038 Dotatur
285 989 358 1037 tantis
374 988 424 1038 filia
439 1003 487 1056 pro
502 989 604 1038 meritis.

113 1062 239 1126 Ingressus
257 1060 374 1109 Scithiam
388 1061 479 1110 Darius
495 1076 537 1110 rex
553 1060 637 1128 diripit
652 1060 729 1119 illam,

162 1133 277 1197 Namque
293 1131 389 1181 Scithae
404 1132 505 1198 fugiunt
520 1132 575 1181 avia
591 1148 702 1199 quaeque
717 1143 822 1198 petunt;

114 1203 156 1253 An
171 1203 304 1269 pugnaturi
321 1204 369 1252 sint
384 1221 415 1252 an
432 1218 527 1271 semper
541 1203 647 1270 fugituri
843 1222 863 1254 75

163 1276 198 1324 Ut
214 1275 260 1324 sibi
276 1274 404 1325 notificent
419 1276 518 1325 mandat
534 1276 568 1323 eis
585 1276 693 1334 Darius3

115 1346 193 1396 Urbes
211 1364 256 1395 nec
273 1347 345 1396 villas
363 1363 408 1395 nec
425 1363 498 1413 agros
517 1346 563 1395 sibi
582 1347 624 1412 qui
642 1345 830 1405 foremandant,

163 1419 210 1467 Pro
228 1418 317 1484 quibus
333 1419 451 1487 incipiant
466 1419 560 1486 proelia
576 1433 711 1478 conserere,

115 1490 217 1539 Venerit
232 1490 263 1539 ad
278 1502 378 1557 patrum
392 1501 526 1558 postquam
541 1500 702 1539 monumenta
719 1504 830 1547 suorum,

163 1562 277 1611 Protinus
294 1578 346 1611 esse
361 1562 429 1611 viros
446 1562 583 1628 experietur
599 1579 659 1620 eos;
845 1572 867 1602 80

115 1632 211 1682 Audito
228 1648 340 1682 sermone
355 1633 398 1700 pio
414 1632 487 1682 rediit
502 1633 667 1700 properando,

164 1705 265 1769 Frigore
281 1705 438 1771 dampnatam
453 1721 499 1753 nec
514 1705 602 1771 repetit
619 1704 743 1754 Scithiam.

117 1775 231 1824 Sardibus
247 1776 370 1843 oppressis
387 1794 401 1825 a
417 1777 482 1841 Cyro
499 1792 556 1842 rege
572 1776 706 1843 opulentis,

165 1848 235 1896 Unus
252 1847 283 1896 de
298 1848 385 1907 Persis,
401 1849 497 1897 nescius
514 1865 567 1897 esse
582 1848 678 1907 ducem,

116 1918 232 1986 Appeciit
248 1919 368 1968 Croesum
382 1918 448 1968 ferro
465 1936 525 1968 mox
539 1919 744 1987 percuciendum:
846 1930 866 1971 85

165 1991 251 2039 Mutus
268 2002 318 2039 erat
334 1991 427 2040 Croeso
443 1990 507 2040 filius
524 2009 554 2040 ex
569 2003 648 2051 utero,

118 2061 177 2125 Qui,
193 2061 262 2111 velut
277 2061 369 2111 oblitus
385 2062 460 2111 fuerit
476 2077 571 2130 semper
587 2063 644 2131 quia
660 2073 751 2121 mutus

166 2133 266 2192 Clamat,
286 2151 340 2182 «ne
356 2149 447 2199 regem,
463 2134 576 2201 pessime,
591 2133 723 2202 perculeris
734 2134 739 2182 i
750 2151 765 2181 >>

119 2204 157 2253 Sic
172 2204 200 2253 fit
215 2205 316 2264 vocalis,
332 2206 424 2270 iugulis
440 2221 558 2254 mucrone
573 2206 679 2273 paternis

166 2275 291 2335 Abduct0‚
308 2276 403 2326 iuvenis
414 2279 424 2326 ε’
437 2277 486 2329 hoc
501 2278 577 2344 pietas
593 2277 688 2327 tribuit.

119 2347 204 2396 Clausa
220 2348 335 2396 Pinnensi
350 2348 467 2397 Romanis
484 2349 578 2398 viribus
594 2348 656 2398 urbe

166 2418 252 2467 Italico
267 2419 334 2468 bello
349 2418 415 2468 forte
431 2437 504 2469 senex
519 2421 630 2487 capitur;

119 2490 199 2539 Huius
215 2505 275 2540 vero
293 2491 356 2539 senis
372 2493 443 2539 natus
459 2492 572 2558 princeps
589 2503 640 2540 erat
655 2493 731 2552 urbis,

2 2583 20 2616 55
168 2562 330 2611 Circumstant
347 2563 435 2611 strictis
451 2563 599 2611 Romulidae
614 2563 721 2623 frameis,

80 2678 102 2722 64
107 2680 196 2723 permittat
202 2691 207 2714 :
213 2686 303 2724 truprascr.
336 2679 357 2724 69
364 2680 506 2724 (remeandum
512 2682 566 2715 inras.
604 2684 625 2715 82
631 2681 723 2716 scithiam:
734 2681 833 2727 hsuprascr.

47 2727 67 2762 86
79 2726 233 2771 (croeso)...(filius)
241 2738 274 2762 ras.
324 2731 344 2771 87
353 2727 417 2771 (vel)ut
427 2730 443 2761 in
454 2739 487 2762 ras.
