2068 3216
185 179 233 211 212

265 250 300 283 on
315 249 523 284 MEMonaanmus
539 235 606 284 VIII.
626 250 655 295 14
670 263 680 270 -
696 235 763 284 VIII.
783 251 807 296 15

183 377 247 426 Cum
262 377 361 426 doleant
376 377 425 436 alii,
443 393 551 426 summus
568 377 641 427 dolor
656 388 692 426 est
708 377 834 443 genitoris,

232 450 306 497 Hunc
322 448 364 497 sed
379 449 488 515 picturae
502 449 606 515 prodere
622 466 674 497 non
689 449 754 498 valet
769 465 814 498 ars.

184 520 293 583 Quidam
307 521 388 587 pictor
403 536 495 585 equum
510 537 582 570 cursu
599 520 709 587 depingit
725 521 847 580 anhelum,

230 591 298 641 Artis
315 603 364 640 erat
380 608 488 640 summae
503 592 539 640 nil
554 593 602 641 nisi
618 593 687 641 flatus
704 592 787 652 abest;

182 662 281 713 Addere
297 663 358 714 dum
373 679 470 731 spumas
485 663 551 713 illius
567 664 665 713 naribus
682 663 759 723 obtat,

230 734 278 784 Ars
294 735 320 783 in
335 736 435 784 materia
451 734 533 785 deficit
549 736 643 801 exigua,
774 745 776 748 ⁴

184 806 292 873 Spongia
308 822 382 872 quem
397 807 463 855 iuxta
478 806 534 866 fuit,
550 808 619 856 omni
635 806 727 856 imbuta
743 807 834 866 colore,

232 879 285 926 Hac
299 877 388 927 feriens
404 877 513 928 tabulam
527 878 628 945 perdere
644 879 717 945 gestit
733 893 812 945 opus:

182 948 230 998 Ars
248 949 316 1015 quod
331 966 384 998 non
398 950 489 1016 potuit,
506 967 573 999 casus
590 966 649 999 mox
664 949 788 1016 effigiavit,

231 1021 296 1069 lllisa
313 1036 409 1087 spumas
425 1021 523 1070 naribus
539 1022 580 1070 illa
596 1022 670 1071 dedit.
692 1047 693 1050 ¹

229 1198 321 1255 QUOD
337 1198 559 1256 UNUSQUISQUE
575 1199 619 1242 DE
635 1199 693 1243 SUA
705 1174 849 1243 SCIENTlA

400 1270 530 1315 RECTIUS
545 1271 676 1315 IUDICAT

522 1423 546 1466 15
623 1407 624 1410 ’

184 1523 300 1572 Obtimus
317 1524 434 1590 interpres
450 1524 534 1588 legum
550 1541 600 1589 quo
616 1535 725 1590 tempore
741 1525 811 1583 vixit,

233 1595 348 1644 Scaevola
362 1595 486 1662 pontificis
502 1612 605 1661 magnus
622 1596 716 1644 honore
731 1595 795 1654 fuit3

183 1668 268 1734 Ipsum
283 1667 401 1732 praetoris
418 1667 438 1715 si
455 1667 509 1732 quis
526 1666 556 1715 de
571 1667 623 1715 iure
639 1666 748 1732 rogabat,

232 1737 274 1787 Ad
289 1737 442 1787 consultores
458 1738 493 1786 ire
508 1737 606 1787 iubebat
622 1755 686 1797 eum,

184 1810 244 1858 Eius
260 1810 378 1858 noticiam
393 1810 436 1875 qui
451 1810 522 1877 plene
537 1810 596 1858 iuris
613 1809 748 1859 habebant:

232 1883 298 1931 Nam
313 1881 359 1930 sibi
375 1881 405 1930 de
420 1881 486 1930 notis
504 1881 606 1946 quisque
621 1881 709 1948 probat
724 1882 819 1931 melius

183 1954 223 2001 De
239 1952 410 2019 componenda
425 1953 494 2001 Plato
511 1952 571 2001 dum
585 1953 734 2019 perquiritur
749 1969 796 2012 ara,

232 2025 267 2073 Ut
282 2024 388 2072 formam
403 2023 489 2073 doceat
504 2024 569 2072 illius
586 2036 657 2089 atque
674 2024 784 2084 modum,

183 2094 263 2144 Mittit
278 2095 309 2144 ad
325 2095 453 2144 Euclidem
469 2106 609 2160 quaerentes
625 2095 683 2144 haec
699 2107 857 2161 geometrem,

232 2168 296 2216 Usus
313 2168 353 2215 cui
368 2167 455 2233 pocior
471 2167 546 2232 ipsius
563 2168 619 2216 artis
636 2178 693 2226 erat,

183 2239 244 2288 Non
260 2239 317 2305 quia
333 2238 448 2287 subtilem
463 2239 551 2287 lateant
566 2238 679 2287 obstrusa
695 2239 828 2298 Platonem,

233 2310 280 2359 Sed
295 2327 326 2358 ne
342 2311 460 2359 maiorem
476 2327 501 2359 se
512 2310 616 2375 reliquis
632 2310 728 2359 faceret.

183 2381 302 2430 Aedicula
318 2382 348 2430 de
364 2381 465 2431 mirifica
480 2381 598 2430 laetantur
613 2382 731 2441 Athenae,
790 2390 792 2393 ⁴

231 2453 345 2518 Denique
360 2454 506 2519 praecellens
523 2465 558 2501 est
574 2453 646 2501 nimis
662 2453 724 2501 illud
740 2468 811 2518 opus,

89 2545 109 2580 ις
184 2526 228 2573 Est
244 2526 462 2584 armamentarium,
480 2526 501 2573 ei
518 2525 654 2590 meritoque
670 2541 789 2573 vocamen

231 2596 330 2644 Dicitur
345 2614 374 2644 ex
389 2597 461 2644 armis
479 2597 512 2644 sic
528 2595 562 2644 ibi
578 2595 713 2661 depositis;
763 2603 773 2614 ⁶

147 2773 174 2806 14,
187 2773 207 2806 17
218 2761 311 2797 anhelum:
323 2762 335 2796 h
346 2769 424 2806 saprascr.
