2068 3216
798 145 842 189 125

320 216 354 249 DE
369 214 579 249 Mauroxrfflrrraos
595 200 626 248 V.
644 214 660 258 4

147 342 191 385 DE
206 341 339 385 PIETATE
357 342 443 385 ERGA
459 340 620 394 PARENTES
636 339 677 383 ET
692 339 834 384 PATRIAM

478 490 494 534 4

133 630 172 679 De
187 630 265 696 patria
281 629 382 678 meritus
397 629 476 678 fuerat
491 629 554 678 bene
571 629 724 688 Coriolanus,

181 702 227 750 Vir
242 701 312 750 bellis
329 713 398 766 aptus
415 701 573 767 consiliisque
589 700 687 760 bonus;
705 732 706 736 =

134 773 241 822 Transiit
255 772 287 821 ad
303 773 416 831 Volscos
433 773 550 821 Romanis
567 785 626 821 tunc
641 773 764 831 inimicos,
842 792 843 795 ¹

182 845 336 912 Dampnatus
347 859 412 893 ¹varo
429 845 460 892 sit
477 845 533 910 quia
548 844 638 893 iuditio
648 862 669 903 ;-

134 917 178 964 Hii
195 915 241 965 sibi
255 927 411 984 praeponunt
426 915 557 964 robustum
573 916 741 975 Coriolanum,
844 947 845 950 =
876 936 883 968 ς

183 988 234 1050 Qui
250 988 315 1036 cives
331 1001 415 1053 pugna
430 988 534 1055 proterit
549 987 666 1047 assidua„

135 1059 228 1109 Urbem
243 1075 301 1107 nam
316 1060 382 1107 iuxta
399 1059 445 1108 sibi
460 1059 610 1125 praesidium
624 1059 689 1108 locat
706 1071 798 1126 aptum,

182 1130 278 1179 Assillit
293 1131 350 1179 hinc
366 1146 450 1179 muros
467 1130 562 1179 assidue
577 1132 678 1198 patrios,

134 1202 259 1251 Formidat
274 1202 390 1270 populus,
407 1202 530 1267 trepidans
546 1214 619 1268 pavet
634 1203 687 1269 ipse
704 1214 809 1260 senatus,

184 1274 280 1341 Spernit
295 1274 397 1340 legatos,
413 1274 522 1333 numina,
538 1273 685 1341 pontifices;
862 1295 884 1318 10

133 1344 247 1394 Accurrit
262 1345 368 1411 genitrix
382 1346 484 1394 Veturia
501 1345 632 1405 Coriolani,

183 1418 292 1466 Uxorem
308 1433 391 1466 secum
406 1416 527 1483 protrahit
543 1428 567 1464 et
583 1416 704 1476 sobolem,

133 1489 210 1537 Intrat
226 1500 302 1537 castra
319 1506 376 1537 suus
394 1504 455 1556 quae
471 1488 539 1537 ducit
554 1488 632 1537 forcia
647 1500 727 1547 natus,

184 1560 250 1623 Quas
268 1559 341 1608 simul
357 1561 449 1627 aspexit
465 1559 572 1608 Marcius
588 1559 716 1609 aerubuit:

137 1649 151 1679 <r
161 1633 292 1697 Expugnas
308 1632 370 1680 iram
384 1631 441 1680 licet
450 1649 475 1690 a,
491 1632 579 1699 inquit,
598 1632 704 1699 «patria,
720 1632 847 1691 iustam»;
862 1654 881 1687 15

182 1703 280 1752 Liberat
295 1702 389 1752 infestis
405 1704 518 1771 protinus
534 1701 596 1752 hanc
612 1703 708 1771 aquilis.

136 1775 226 1842 Scipio,
243 1775 304 1823 dum
319 1787 415 1824 teneros
432 1775 516 1823 aeratis
532 1773 612 1823 adhuc
627 1775 691 1841 gerit
707 1790 793 1833 annos,

182 1846 265 1895 Armis
281 1858 406 1912 protectus
422 1846 488 1895 ultro
504 1857 599 1913 patrem
615 1847 741 1914 sequitur;

134 1917 242 1967 Annibal
257 1918 299 1966 ille
315 1919 397 1967 minax
413 1935 481 1967 secus
498 1918 652 1967 Heridanum
667 1935 710 1967 sua
726 1929 803 1966 castra

183 1990 347 2056 Disponendo
363 1990 435 2049 locat,
452 1989 551 2039 horrida
567 1990 630 2039 bella
646 1990 720 2048 ciens,
862 2012 884 2034 20

136 2062 217 2128 Scipio
233 2078 302 2120 vero,
318 2072 387 2128 pater
403 2062 490 2109 consul
506 2062 567 2110 dum
581 2073 684 2128 pugnat,
701 2061 822 2109 inhertem

183 2134 282 2199 Pugnae
299 2149 323 2181 se
340 2133 416 2181 donat
431 2133 629 2198 Annibalemque
644 2131 731 2198 fugat;

135 2205 273 2253 Promeruir
287 2203 385 2253 laurum
399 2219 461 2271 puer
476 2204 510 2253 ob
527 2203 685 2253 memorabile
701 2204 801 2263 factum,

185 2276 262 2338 Quod
278 2276 355 2325 salvet
369 2287 472 2343 patrem,
489 2276 558 2343 quod
573 2275 644 2341 fuget
659 2275 815 2325 Annibalem.

135 2347 236 2395 Dixerat
252 2347 283 2396 ad
298 2346 397 2413 plebem
412 2348 564 2414 Pomponius
580 2348 632 2413 ipse
648 2347 761 2396 tribunus

184 2417 262 2467 Plebis
280 2418 407 2485 Torquato
424 2420 500 2467 multa
509 2418 626 2467 minando
644 2418 717 2478 diem,

136 2491 205 2539 Ultra
221 2489 346 2538 decretum
362 2490 419 2556 quia
435 2502 531 2558 tempus
547 2491 599 2556 agit
615 2490 778 2549 dominatum,

183 2563 278 2610 Instans
294 2576 378 2628 pugna
392 2562 449 2610 licet
465 2573 538 2627 cogar
553 2573 581 2610 ut
596 2561 622 2610 id
638 2561 715 2621 fatiat,

136 2635 168 2681 Et
184 2634 241 2698 quia
257 2631 388 2681 Manilium
403 2634 477 2682 rurali
494 2633 597 2681 subdere
612 2644 698 2682 natum

184 2705 341 2753 Praesumcns
357 2706 435 2770 operi,
451 2722 503 2753 non
520 2705 577 2753 sinit
593 2704 654 2753 urbe
669 2705 735 2764 frui;
