2068 3216
778 113 807 161 16

289 199 323 233 1111
339 198 547 233 Mnnonnnnmus
563 184 619 232 VII.
638 201 651 231 2
811 130 825 178 9

115 326 266 393 Coniugium
281 328 320 376 vel
337 343 396 395 opes
413 327 453 375 vel
470 343 579 376 summos
595 326 677 392 poscit
693 326 808 386 honores,

162 400 307 465 Impetrasse
323 398 390 448 dolet
406 399 465 448 haec
482 399 539 466 quia
555 413 626 464 saepe
641 408 731 449 nocet:

115 472 199 520 «Esse
213 470 275 520 velis
291 471 345 519 talis
362 471 382 519 si
398 469 463 519 credi
479 471 517 519 vis
533 470 611 518 homo
628 469 739 537 qualis»,
842 489 864 523 11

162 541 258 601 Aiebat,
277 542 377 590 «vitam
392 541 472 591 tendis
488 542 519 590 ad
534 541 688 600 aetheream

114 615 238 663 Virtutem
253 625 334 662 teneas
350 614 435 679 ipsam,
452 629 504 662 non
519 613 584 662 illius
601 613 722 672 umbram,

164 686 202 735 Sic
217 686 309 751 poteris
326 697 417 734 tectam
432 684 531 733 caelitus
547 686 582 733 ire
598 685 665 733 viam
673 703 705 744 »3

114 758 207 807 Dextra
222 756 340 806 carnificis
356 756 403 805 sibi
418 757 490 822 potio
506 756 558 805 dira
573 757 662 805 veneni

162 828 307 894 Porrigitur‚
324 845 366 877 sua
382 827 451 895 plebs
468 828 566 877 damnat
581 829 665 895 iniqua
681 829 759 894 pium,
840 839 866 873 60*

114 900 219 969 Suscipit
235 900 298 949 hanc
313 900 395 949 animo
412 898 471 948 forti
487 901 608 967 vultuque
624 916 719 958 sereno,

162 974 215 1023 Nec
231 972 301 1021 timet
317 972 448 1021 instantem
464 983 575 1021 strenuus
591 971 633 1020 ille
648 987 751 1030 necem3

113 1044 235 1094 Admorat
251 1043 353 1092 summis
369 1042 482 1092 achonita
497 1055 579 1109 parata
594 1043 696 1103 labellis,

163 1116 287 1182 Xantippe
303 1115 398 1173 clamat,¹
415 1131 478 1163 uxor
493 1127 571 1163 amata
586 1115 650 1174 11110,

116 1205 129 1235 «
138 1188 225 1236 insons
238 1187 285 1236 heu
298 1188 408 1246 moreris,
421 1187 470 1235 ruis
484 1199 507 1235 et
519 1186 570 1236 sine
582 1187 683 1235 crimine
696 1186 786 1253 quovis
797 1187 802 1236 1
813 1206 826 1234 ›>
841 1197 864 1240 65

164 1260 246 1321 Quam
261 1259 300 1307 vir
316 1258 451 1324 respitiens,
467 1257 521 1306 infit
537 1257 560 1307 ei
576 1258 679 1324 sapiens,

115 1331 208 1379 «Num
226 1331 304 1395 magis
323 1331 447 1379 insontem
465 1347 539 1397 quarn
557 1330 596 1378 vis
615 1330 761 1378 occumbere

163 1401 281 1450 Exhausit
296 1413 370 1468 potus
387 1402 444 1450 ilico
461 1401 591 1450 laetiferos.
678 1402 803 1466 pontem?
813 1419 827 1449 »

114 1473 218 1522 Dicebat
235 1485 328 1540 septem
345 1474 403 1522 Solo
421 1473 451 1522 de
468 1473 616 1540 sapientibus
633 1490 704 1533 unus,

164 1545 227 1593 «An
243 1544 318 1593 fueris
333 1544 393 1593 felix
408 1544 498 1593 indicat
514 1545 600 1594 ultima
615 1545 665 1603 lux,
841 1565 867 1598 70-

114 1616 180 1664 Nam
194 1615 294 1665 fortuna
310 1631 398 1683 anceps
414 1616 530 1683 prohibet
545 1633 633 1664 verum
648 1616 694 1665 tibi
710 1633 791 1676 nosse,

162 1689 251 1736 Donec
267 1688 405 1736 communis
422 1688 464 1736 lux
479 1688 525 1736 tibi
541 1705 598 1736 cum
614 1688 707 1755 superis
717 1706 740 1737 ».

115 1758 246 1822 Quendam
262 1771 396 1808 merentem
412 1759 472 1808 dum
488 1776 571 1808 carum
587 1771 696 1808 cerneret
711 1760 785 1818 idem,

162 1831 191 1879 In
207 1831 295 1879 turrim
311 1831 388 1890 duxit,
406 1831 529 1898 «inspice,
544 1830 650 1890 frater»,
667 1831 709 1890 ait,

116 1902 232 1964 «Quanti
248 1903 296 1950 sint
312 1901 386 1951 hodie
409 1902 500 1951 fuerint
516 1903 623 1951 ciciusve
638 1901 716 1950 futuri
841 1922 864 1956 75*

164 1973 216 2022 Sint
232 1974 320 2032 luctuS,
336 1974 406 2022 tectis
423 1991 484 2039 quae
501 1973 577 2022 modo
594 1974 672 2022 cernis
688 1975 714 2022 in
731 1974 785 2023 his!

114 2045 206 2093 Desine
221 2045 270 2092 iam
285 2046 415 2110 proprium
431 2045 560 2111 deplorans
577 2044 674 2094 credere
689 2045 777 2104 fatum,

164 2116 240 2178 Quod
256 2132 388 2165 commune
403 2116 449 2164 tibi
465 2118 511 2165 scis
527 2116 580 2165 fore
596 2133 654 2165 cum
670 2117 802 2182 reliquis».

115 2188 205 2236 Hostes
222 2189 398 2253 campaniam
414 2189 471 2236 Biae
486 2199 579 2236 vastate
596 2188 699 2236 Prienen

162 2258 293 2318 Festinent‚
310 2259 365 2307 Bias
381 2259 462 2307 nudus
478 2259 563 2309 abhis
579 2259 687 2325 refugit;
841 2274 863 2304 ao

115 2330 231 2392 Quidam,
247 2342 372 2395 portantes
389 2331 510 2380 carissima
526 2347 636 2396 quaeque
652 2331 754 2379 tribules

162 2401 230 2449 illius
246 2413 274 2449 ut
290 2401 354 2450 vidit
369 2402 429 2450 dum
444 2401 565 2467 fugerent,
581 2402 672 2461 retulit,

116 2474 173 2522 «Ut
189 2472 257 2538 quid,
274 2490 372 2538 quaeso,
390 2474 438 2522 tuis
455 2474 485 2522 de
501 2473 572 2522 rebus
588 2474 624 2522 nil
640 2473 685 2522 tibi
701 2474 768 2523 tollis
786 2474 820 2523 ἓ»

162 2544 206 2592 ille
222 2544 303 2603 refert,
321 2546 421 2593 «immo
438 2562 503 2593 nunc
519 2562 572 2593 mea
588 2545 651 2593 tollo
668 2545 734 2593 bona
743 2563 775 2603 »3

78 2710 100 2752 64
111 2709 209 2754 xantippe:
221 2722 233 2754 p
244 2718 323 2755 suprascr.
