2068 3216
86 2725 118 2757 154

138 120 149 163 8

119 133 133 181 9
299 201 334 234 nn
349 200 557 235 MaMonAummus
572 188 616 236 IV.
636 204 646 249 3

119 331 172 379 Nec
187 328 302 395 prohibet
319 346 402 378 secum
417 329 456 377 vir
471 342 550 379 castus
566 330 650 380 ludere
667 344 782 391 scortum,

167 403 245 468 Inque
261 400 349 450 cubare
366 401 428 460 sinu,
445 413 544 467 tangere
561 418 671 468 quaeque
687 420 768 462 manu,

120 473 208 522 Suavia
224 471 355 521 blanditiae
370 489 415 521 nec
430 483 507 521 tactus
524 473 605 522 mollit
620 474 724 540 iniquae,

167 544 237 594 Irrita
253 544 370 604 discessit,
385 544 490 610 pignota
505 545 576 594 turba
591 546 669 612 petit;

121 616 266 681 Tempnitur
280 616 321 664 illa
338 614 406 681 quod
422 627 446 664 ct
462 632 587 682 generosa,
604 617 688 677 faceta,
705 617 800 677 decora,

168 687 287 736 Emollire
302 688 385 737 uirum
400 703 451 735 non
467 688 544 737 valuit
560 688 675 754 rigidum,

121 759 190 821 Quae
206 759 347 824 respondet,
356 776 389 807 se
405 775 457 807 non
471 774 518 826 pro
535 771 612 808 statua
627 760 750 828 pepigisse

170 831 217 880 Sed
234 848 276 879 sua
291 847 337 897 pro
354 831 414 879 vivo
430 831 535 897 pignora
551 831 623 880 missa
639 833 702 881 viro.

120 903 194 968 Regis
210 902 343 951 Alexandri
358 903 497 951 transmissa
512 903 601 951 talenta
617 903 721 952 ministri

168 974 321 1034 Detulerant,
337 974 423 1022 villam
439 991 501 1041 quos
518 974 591 1023 trahit
606 974 637 1023 ad
652 976 793 1042 proptiam3

120 1045 234 1112 Apponit
250 1062 359 1094 mensam
375 1044 475 1094 modico
492 1057 592 1112 sumptu
608 1045 654 1095 sibi
669 1058 771 1113 partam,

169 1116 239 1166 Idem
254 1134 302 1184 qua
317 1116 384 1183 frugi
400 1133 469 1166 more
485 1134 530 1165 suo
546 1117 652 1177 fruitur;

121 1189 226 1237 Postera⁴
235 1189 277 1237 lux
292 1189 379 1248 oritur,
395 1200 501 1255 poscunt
517 1205 556 1237 aes
572 1200 600 1237 ut
616 1202 756 1239 numeretur·

170 1260 222 1323 Qui
237 1261 305 1308 missi
319 1259 423 1319 fuerant,
439 1260 522 1309 intulit
536 1261 577 1309 ille
594 1260 690 1326 quibus,

122 1331 224 1381 «Vobis
240 1332 352 1380 hesterna
366 1331 534 1399 patefecimus,
550 1343 578 1380 ut
593 1344 664 1399 puto,
680 1349 756 1382 coena

171 1403 321 1453 Nos-animo
338 1421 411 1452 vanas
428 1419 540 1470 spernere
556 1403 685 1453 divitias».

121 1474 263 1540 Diogenem
279 1474 393 1524 Cinicum
408 1475 468 1524 dum
484 1491 526 1523 rex
541 1475 567 1523 in
583 1475 634 1524 sole
649 1476 757 1524 locatum

170 1548 236 1596 Visit
251 1547 404 1596 Alexander:
422 1546 490 1595 «ede
507 1547 569 1595 velis
588 1547 680 1612 quid»,
696 1547 746 1606 ait3

122 1618 191 1666 Dicit
206 1620 229 1668 ei
245 1618 351 1678 Cinicus,
371 1634 446 1667 «non
462 1617 565 1667 obsistas
581 1618 649 1678 volo,
666 1618 701 1667 nil
716 1619 780 1684 plus,

171 1690 214 1740 Me
230 1689 281 1739 sine
298 1690 349 1739 sole
364 1688 421 1749 frui,-
438 1700 530 1738 caetera
545 1689 605 1738 tolle
620 1689 697 1738 tibi».

123 1761 198 1810 Cuius
214 1777 272 1829 peta
287 1776 373 1828 penus,
390 1760 432 1810 sed
449 1760 545 1810 dolium
561 1773 610 1810 erat
627 1760 715 1810 domus
732 1762 791 1821 eius,

172 1835 228 1882 Hoc
243 1833 320 1882 obicit
335 1833 424 1892 ventis,
440 1832 499 1881 solis
515 1843 540 1880 et
555 1833 603 1881 hoc
619 1832 699 1882 radiis.

122 1905 206 1971 Inquit
221 1904 362 1972 Aristippus
378 1904 450 1953 holus
466 1903 503 1951 illi
518 1902 587 1952 fonte
602 1904 699 1963 lavanti,

172 1976 357 2025 «Assentareris
375 1976 395 2024 si
412 1975 502 2034 Siculo,
520 1975 610 2035 Cinice‚

123 2048 183 2096 Non
199 2048 271 2097 holus
287 2048 336 2097 hoc
352 2064 447 2107 esses»,
460 2046 557 2095 Cinicus
574 2048 614 2094 cui
629 2046 686 2095 talia
700 2046 802 2113 profert,

172 2120 284 2178 «Immo,
301 2120 322 2168 si
337 2119 412 2168 velles
429 2117 543 2167 mandere
558 2134 644 2185 parcus
661 2117 748 2177 holus,
834 2124 847 2167 f.
858 2142 880 2176 43

123 2190 241 2239 Horreres
257 2192 372 2240 assentari
388 2191 451 2239 male
467 2189 570 2238 blandus
586 2190 681 2257 iniquo,

171 2263 306 2311 Contentus
322 2277 398 2329 parco
414 2278 469 2311 sum
484 2258 553 2309 velut
569 2261 620 2327 ipse
636 2261 727 2309 cibo».

127 2715 198 2758 primum
209 2714 271 2749 verbum
281 2713 312 2757 legi
319 2725 348 2748 mm
354 2719 414 2759 potest.
463 2712 493 2747 161
506 2712 570 2747 holus:
582 2713 594 2746 h
605 2720 684 2757 suprascr.
