2068 3216
850 160 877 205 45
886 161 897 191 1

405 232 522 266 Eroomu
538 231 690 265 cruusncuu

191 362 276 411 influit
291 374 417 412 aeternum
432 361 537 410 referens
554 361 706 426 fluviumque
720 371 857 425 paternum,

193 433 318 499 Quicquid
334 445 358 481 et
373 433 471 498 attingit
486 431 614 481 confirmat
630 444 654 481 et
662 432 771 497 undique
786 432 870 496 cingit,

192 506 272 572 Inpiet
287 504 402 554 fecundat
418 520 561 571 semperque
575 518 620 570 per
636 504 718 556 omnia
734 502 843 553 mundat.
914 515 933 556 85

193 577 306 639 Quatuor
322 576 367 625 hos
384 577 451 624 rivos
467 575 508 625 dat
524 575 679 641 evangelium
694 575 827 634 redivivos,

194 649 292 714 Semper
308 659 332 696 et
347 647 383 696 hii
398 659 499 696 currunt
515 659 539 696 et
555 647 629 713 digna
644 662 688 713 per
704 662 746 696 ora
762 658 887 695 recurrunt

193 720 313 769 Hostibus
329 719 438 769 invisum
453 719 563 768 Cluniaci
577 734 621 785 per
636 719 791 786 paradisum;

193 792 237 840 Est
242 792 277 841 ibi
284 807 342 842 nam
347 792 480 841 claustrum
485 802 609 856 tamquam
613 791 738 858 paradisus
748 790 778 839 ad
784 800 900 849 austrum,

193 863 285 913 Omnia
299 874 433 929 purgantes
449 879 554 927 casuque
570 880 616 911 suo
632 874 784 921 renovantes,
914 882 936 915 90

193 934 277 983 Fontis
294 935 429 1000 evangelici
443 948 488 1000 per
503 951 576 999 aquas
586 945 741 987 renovantur
756 933 835 992 amici,

194 1007 274 1056 Corde
290 1006 333 1055 sed
348 1006 374 1054 in
395 1005 487 1073 duplici
502 1021 546 1073 per
562 1022 600 1055 eas
615 1017 718 1071 pereunt
733 1005 842 1054 inimici:

194 1078 245 1140 Qui
254 1078 330 1144 eupit
345 1093 405 1143 ergo
421 1078 501 1128 lacum
515 1078 600 1137 vitare,
615 1088 682 1143 petat
698 1077 848 1126 Cluniacum.

194 1150 238 1198 Est
253 1150 318 1200 lacus
334 1148 471 1198 horrendus
487 1149 630 1199 mortalibus
647 1148 806 1215 effugiendus
823 1198 825 1200 ,

193 1221 300 1271 Flamma
316 1214 465 1271 Gehennaiis
482 1237 555 1286 quem
569 1221 656 1287 perflat
670 1220 825 1287 perpetualis,
851 1268 852 1271 ,
915 1239 935 1272 95

194 1292 258 1341 Pena
272 1303 354 1357 parata
369 1293 439 1342 malis
454 1308 498 1358 per
514 1293 593 1341 secula
608 1292 743 1352 iudicialis3

194 1364 242 1411 Hic
257 1363 323 1412 lacus
338 1363 447 1430 indignis
462 1375 529 1430 patet
544 1363 592 1416 heu
608 1363 751 1413 tenebrosus
767 1375 791 1412 et
806 1363 878 1429 ignis,

195 1435 256 1483 Sunt
270 1435 458 1488 ubisttidentes
474 1435 554 1501 laquei
570 1435 689 1502 fluviique
704 1446 836 1493 nocentes;

194 1507 284 1559 Nullus
300 1506 335 1555 ibi
349 1507 413 1562 ridet
428 1508 493 1556 lacus
509 1507 550 1556 ille
566 1507 608 1556 sed
624 1507 732 1572 undique
749 1506 841 1565 stridet,

194 1577 318 1627 Mortiferi
333 1593 428 1627 vermes
444 1579 551 1627 cruciant
566 1577 601 1627 ibi
617 1579 675 1627 iuris
691 1578 812 1630 inhermes
880 1621 881 1624 ,
906 1597 939 1620 100

194 1650 220 1697 O
235 1650 309 1709 lacus,
320 1650 462 1700 intenebris
473 1661 514 1699 tua
525 1666 599 1715 quam
608 1650 671 1700 mala
682 1663 819 1716 quantaque
828 1649 902 1699 febris

194 1721 275 1770 Verba
293 1736 338 1788 per
356 1722 401 1772 hec
420 1722 510 1781 tardor,
528 1733 623 1788 premet
641 1722 795 1771 inrecitabilis
811 1720 891 1770 ardor.

195 1792 265 1841 Tunc
277 1792 355 1848 modo
367 1794 505 1861 puniposos
518 1805 542 1842 et
554 1793 585 1842 ad
597 1794 681 1844 omnia
692 1793 858 1842 luxsuriososi

195 1864 247 1926 Qui
261 1865 332 1930 eupit
348 1881 408 1930 ergo
424 1866 505 1915 lacum
520 1866 605 1925 vitare,
621 1877 688 1930 petat
705 1865 855 1915 Cluniacum.

196 1936 257 1983 Sunt
272 1936 308 1984 ibi
322 1952 381 1985 nam
396 1936 443 1985 rivi
455 1937 489 1985 de
506 1937 595 1985 Christi
611 1937 728 2003 sanguine
743 1936 796 1985 vivi
906 1955 937 1989 105

195 2007 326 2072 Omneque
342 2006 486 2067 estfusum,
502 2008 610 2057 referunt
625 2009 720 2073 pietatis
736 2007 767 2056 ad
783 2023 871 2067 usum3

196 2078 248 2140 Qui
263 2078 294 2127 de
310 2090 395 2128 monte
410 2080 479 2128 venit
494 2079 550 2128 fons
566 2079 612 2129 hos
628 2080 727 2128 mittens
743 2080 776 2128 ita
791 2079 851 2128 lenit

197 2150 268 2198 Sanet
283 2145 311 2198 ut
327 2163 427 2215 egrotos
443 2150 563 2217 faciatque
578 2152 697 2201 virescere
712 2152 785 2211 lotos,

196 2222 228 2269 Et
243 2221 306 2270 bene
322 2238 385 2287 quos
403 2234 469 2271 sanat
484 2237 529 2288 per
544 2239 631 2272 eorum
645 2234 744 2290 pectora
760 2234 848 2282 manat,

197 2293 304 2357 Quoque
320 2294 400 2360 magis
416 2306 505 2354 manat,
521 2306 590 2343 tanto
606 2295 683 2360 magis
696 2310 782 2360 aspera
797 2295 895 2360 planat;
908 2314 941 2338 110

195 2365 292 2413 Mentes
308 2365 392 2413 insane
407 2365 585 2416 reddunturibi
601 2367 652 2415 cito
669 2382 732 2426 sane,

195 2435 335 2501 iunguntur
349 2437 407 2502 pani
423 2454 483 2486 vero
499 2454 568 2487 versa
584 2439 638 2487 vice
654 2439 719 2498 vani,

161 2603 181 2643 87
193 2599 356 2645 (ora)..(recurrunt)
368 2614 407 2644 ran,
420 2614 439 2636 re
450 2609 529 2647 ssmrascr.
568 2615 590 2648 94
596 2603 704 2639 horrendus:
716 2604 728 2638 h
738 2611 816 2649 suprascr.
852 2615 872 2649 97
880 2613 906 2639 te·

124 2647 209 2682 nebrosus
216 2658 254 2682 corr.
262 2660 284 2682 ex
290 2650 409 2692 tenebrousus‚
417 2662 438 2684 us
444 2657 525 2694 expuncto,
587 2663 618 2685 100
627 2652 713 2686 inhermes
721 2663 759 2686 corr.
772 2663 794 2686 ex
802 2652 890 2695 inhermis,
900 2653 906 2687 i
965 2674 967 2676 ·

125 2701 200 2739 expuncto
208 2702 224 2731 et
233 2707 242 2729 e
251 2704 329 2740 suprascr.
403 2710 432 2741 103
448 2697 555 2736 luxsutiosos
570 2711 609 2734 corr.
620 2711 642 2733 ex
650 2700 760 2742 lussmiosos,
769 2711 778 2733 s
787 2707 862 2743 expuncto
871 2707 886 2735 et
895 2713 906 2735 u

124 2751 209 2786 suprascr.⁴
237 2769 238 2773 ,
252 2755 282 2786 107
292 2746 375 2784 mittens:
386 2753 482 2790 tssrprurcr„
