2068 3216
477 217 597 253 nussum
611 204 648 252 IV

201 349 253 397 iste
270 347 387 397 satellicio
402 348 521 414 iuvenum
537 346 668 414 spectabile
684 357 767 412 spreto
921 367 954 401 425

255 418 383 468 Tractabat
397 418 495 468 nullum
510 435 568 467 cum
583 433 649 467 mare
664 417 805 476 consilium,

205 490 243 540 Ac
258 491 327 540 velut
342 489 459 540 hostilem
475 489 694 556 sexumfugiendo
710 489 815 549 virilem,

253 562 427 612 includebatur
436 561 553 611 fenrineis
570 560 686 627 gregibus
697 580 711 621 ;v

205 635 272 683 Hinc
287 634 368 700 digito
384 633 454 683 fusus
470 633 546 700 regali
561 649 632 700 saepe
647 645 740 682 rotatus

254 706 405 772 Purpuream
420 718 509 755 tenuat,
520 706 623 755 stamina
638 705 721 754 nendo
737 705 822 754 colum
832 722 846 753 :¹
868 747 869 750 ,
921 728 956 762 430

205 779 291 827 Vestes
308 777 443 826 molliciem
458 794 520 843 quae
535 777 665 843 designant
680 777 826 826 muliebrem

254 850 349 897 Exutus
365 849 430 915 regis
447 860 582 916 sumpserat
597 848 714 898 induviis.

205 921 240 969 At
256 922 358 979 Xerxes,
373 920 463 987 populi
479 921 522 986 qui
538 932 632 987 sceptra
647 920 744 969 tenebat
761 920 817 980 Eoi,

254 991 344 1041 Medos
360 1009 418 1041 cum
433 993 520 1052 Persis,
537 1008 612 1058 regna
629 991 801 1051 Semiramidis,

204 1063 335 1112 Praedicat
345 1064 427 1113 edicto
444 1064 515 1112 ditari
531 1079 632 1124 munere
647 1064 717 1130 largo

254 1131 468 1184 Ferculacalleret
484 1129 608 1202 qui-'nova
624 1134 751 1184 conficere.

207 1207 245 1255 Tu
262 1208 325 1255 senis
342 1207 435 1256 Oceani
450 1206 541 1255 minuis
557 1208 603 1267 ius,
619 1206 724 1274 prodige
741 1205 817 1272 Sergi,

255 1279 315 1328 Eius
332 1278 393 1327 dum
407 1290 502 1346 partem
518 1279 618 1345 surripis
634 1279 739 1343 imperii,

207 1349 306 1399 Claudis
321 1366 405 1399 amore
421 1350 493 1417 gulae
509 1351 616 1416 spatium
631 1350 704 1399 maris
720 1350 791 1399 obice
807 1366 874 1407 saxo,

255 1421 398 1487 Excisisque
413 1422 479 1471 lacus
496 1421 623 1470 montibus
639 1420 758 1471 aedificas.
921 1445 957 1477 440

207 1494 252 1541 His
269 1493 350 1541 omnis
366 1494 462 1560 generis
478 1494 588 1543 detrudis
604 1494 710 1560 aquatile
725 1493 843 1551 claustris,

255 1566 290 1613 Ut
305 1565 363 1630 gula
379 1565 440 1614 dum
454 1566 535 1632 prurit
551 1576 633 1614 ostrea
645 1577 714 1631 parta
729 1577 809 1613 voret.

207 1636 305 1685 Gaudia
320 1653 476 1702 nequaquam
490 1652 547 1685 reor
562 1636 609 1686 hos
626 1637 746 1703 sprevisse
762 1636 852 1686 caduca

254 1707 376 1757 Alliciunt
392 1709 469 1757 fluxae
486 1725 548 1774 quos
564 1709 597 1757 ita
613 1708 718 1758 delitiae.

207 1778 304 1845 Collige
321 1780 355 1827 sic
370 1792 457 1828 nostro
474 1796 548 1845 quem
562 1780 644 1846 passio
660 1797 712 1828 non
727 1791 822 1846 premat
837 1795 898 1827 aevo
922 1803 955 1835 445

255 1853 293 1899 Ex
308 1851 346 1900 his
362 1869 410 1900 una
425 1851 471 1900 tibi
486 1852 575 1918 pagina
591 1867 653 1918 quos
669 1851 768 1901 retulit:

208 1921 232 1970 Si
247 1939 299 1971 non
315 1924 457 1989 reppereris,
474 1923 539 1972 dicas
555 1940 607 1971 non
623 1940 674 1972 esse
689 1923 778 1990 prioris

255 1995 438 2060 Praesentisque
453 1995 521 2043 viros
538 1995 656 2060 temporis
672 1995 808 2053 assimiles;

208 2064 232 2113 Si
247 2082 299 2114 non
315 2077 351 2114 est
368 2066 462 2131 sapiens
479 2083 554 2131 quem
568 2067 650 2132 passio
666 2077 808 2115 commovet
823 2066 881 2124 ulla,

256 2138 299 2185 Est
315 2153 371 2185 reor
387 2138 435 2186 hoc
450 2138 533 2186 nullus
549 2150 659 2205 tempore
674 2139 714 2186 vir
729 2138 831 2204 sapiens.
923 2161 959 2193 450

463 2278 612 2322 EPISTULA
632 2279 666 2322 IV

471 2373 517 2417 AD
537 2374 658 2419 PHILUM

208 2495 301 2544 Oceani
316 2495 415 2544 missam
431 2495 461 2544 de
476 2495 549 2544 litore
563 2496 662 2562 perlege
678 2508 775 2555 cartam,

256 2566 336 2615 Mittit
352 2567 475 2616 Rodulfus
493 2583 567 2632 quam
583 2584 625 2616 sua
641 2584 698 2617 cura
713 2581 778 2616 tuus.

170 2743 201 2776 445
215 2733 243 2767 sit.
291 2733 324 2776 446
337 2745 393 2777 quas..
433 2734 465 2775 IV,
480 2734 604 2769 ilittoreCn.
653 2733 776 2778 aRadulphus
787 2734 838 2778 Jmal.
875 2761 876 2764 η
