2068 3216
321 253 355 286 nn
370 250 579 286 Mnuounumuus
594 236 638 284 ΠΙ.
658 239 669 281 8

141 379 251 445 Exiguus
268 379 365 445 sanguis
381 395 449 428 meus
466 378 561 445 algidus
577 389 650 445 atque
666 377 748 426 senilis

189 450 254 499 Ante
269 461 352 517 potest
367 450 438 499 fundi
455 467 529 516 quam
545 449 613 517 quod
629 466 686 498 aves
702 449 771 499 fieri:

141 521 234 571 Urbem
249 538 307 570 cum
321 521 398 588 patria
414 522 507 571 Marius
524 522 574 571 dux
589 521 653 570 eruit
668 521 721 581 ista,

189 593 238 642 Hic
254 593 331 642 hostis
347 593 396 642 dici
412 593 515 659 qualiter
529 593 646 642 aemeruit
662 592 697 640 ?»

141 666 244 726 Nevius‚
260 665 364 725 Antoni,
379 665 476 714 vinctus
492 664 634 732 perducitur
649 664 680 713 ad
695 675 728 723 te,

190 737 306 787 Centurio
322 736 400 785 clarus
416 736 516 785 militiae
532 736 627 795 studiis,

142 808 210 871 Quid
225 808 298 858 facias
314 807 351 857 illi
365 807 428 857 ¹dum
442 808 606 875 percunctaris
623 807 653 856 ab
669 807 713 856 illo

190 881 259 941 Mox,
276 898 291 927 «
299 880 405 946 iugulari
421 896 468 939 me,
478 898 492 928 »
508 880 620 948 protulit,
637 896 717 928 «ense
733 878 797 937 iube,

141 954 206 1002 Nam
229 970 309 1018 neque
333 951 477 1018 supplitium
500 968 579 1017 neque
602 952 753 1018 promissum
773 967 852 1019 neque
864 972 886 1005 75

190 1025 287 1091 Separat
303 1041 316 1072 1
332 1023 385 1073 divi
401 1023 507 1072 Caesaris
523 1023 633 1090 auspitiis
642 1041 674 1082 »;
748 1022 852 1087 [donum

141 1096 223 1155 Rides,
239 1095 342 1155 Antoni,
358 1095 436 1144 vitam
450 1095 577 1144 concaedis
594 1107 617 1144 et
632 1095 676 1154 illi,

190 1169 222 1216 Et
238 1167 442 1216 sic-‘constantem
453 1166 600 1232 *magnificas*
612 1168 734 1216 iuvenem.

141 1239 224 1289 Armis
238 1239 360 1305 ¹Selapiarn
374 1250 502 1305 premeret
511 1238 571 1288 dum
586 1239 691 1288 Punicus
707 1238 794 1298 hostis,

189 1307 339 1359 Discordant
354 1310 419 1359 intus
435 1310 582 1359 Blassiuset
597 1310 692 1363 Dasius
697 1328 704 1368 ;
865 1322 889 1354 80

141 1383 247 1431 Blassius
263 1382 389 1440 Ausoniis,
405 1382 495 1431 Dasius
506 1398 571 1431 vero
586 1381 653 1431 favet
668 1381 744 1442 Afris,

190 1454 320 1521 increpitat
337 1453 429 1502 sotium
444 1453 550 1502 Blassius
566 1453 623 1503 inde
639 1469 719 1513 suum,

142 1525 193 1588 Qui
210 1542 261 1574 sese
276 1524 351 1574 vafris
367 1536 395 1574 ut
411 1525 566 1587 commendet
582 1525 660 1591 magis
675 1524 744 1574 Afris

189 1597 292 1646 Delator
308 1597 365 1658 sotii
381 1596 469 1645 detulit
484 1596 617 1656 Annibali;

141 1668 271 1718 Adsistunt
286 1669 383 1735 pariter,
400 1680 473 1734 negat
488 1685 551 1717 unus
567 1680 591 1717 et
607 1669 693 1718 astruit
708 1668 776 1728 alter,
866 1683 887 1724 ες

191 1739 317 1788 Tractabat
333 1741 428 1789 Poenus
445 1739 495 1788 dux
510 1740 623 1789 residens
632 1739 706 1799 aliud,

140 1812 326 1861 Dissimulando
343 1811 431 1860 ducem
446 1822 531 1860 monet
546 1824 574 1860 ut
588 1811 656 1878 prius
672 1811 713 1860 ille
729 1811 844 1860 rebellem

190 1884 237 1933 Vel
253 1899 319 1932 nunc
334 1883 451 1932 Romanis
467 1894 495 1931 ut
510 1882 590 1932 faveat
606 1883 722 1943 dominis,

142 1955 267 2004 Exclamat
281 1955 380 2014 Dasius,
397 1973 411 2002 «
420 1955 560 2003 monitusne
575 1954 709 2004 adtenditis
722 1955 795 2004 huius
811 1955 823 2003 ?

190 2028 265 2076 Nunc
281 2042 381 2093 quoque
397 2027 514 2075 Romanis
531 2039 584 2075 orat
592 2024 687 2082 'adesse
699 2027 749 2075 suis
758 2045 781 2076 >›.
866 2050 889 2082 90

142 2096 202 2147 Nun
218 2098 319 2147 credunt
335 2098 421 2157 Dasio,
437 2114 527 2147 vocem
541 2097 649 2147 audierat
658 2098 723 2165 >quia
739 2115 812 2147 nemo

190 2170 272 2218 Preter
287 2186 351 2228 eum,
368 2169 440 2218 rediit
456 2169 561 2218 Blassius
577 2170 725 2229 incolomis;

142 2240 248 2290 Blassius
264 2241 329 2289 haud
345 2252 420 2290 cessat
436 2240 516 2290 donec
531 2242 636 2290 Dasium
645 2242 697 2308 „sibi
713 2243 805 2308 iungat,

190 2312 305 2379 Denique
321 2313 438 2361 Romanis
455 2313 561 2362 reddidit
576 2306 725 2374 unanimem,

143 2384 252 2433 Tradunt
269 2383 386 2433 Marcello
403 2402 428 2433 se
445 2384 612 2451 Selapiamque
627 2386 724 2445 Latino,
867 2407 887 2440 95

192 2456 348 2521 Quingentos
364 2455 485 2505 Numidas
501 2456 629 2505 Annibalis
646 2456 731 2506 sotios.

143 2527 281 2576 Eraclidem
295 2544 379 2576 carum
394 2527 488 2576 delator
504 2545 579 2576 necne
594 2528 727 2595 Calippum

193 2599 322 2666 Suspectus
341 2598 396 2647 diro
414 2598 514 2648 reddere
531 2600 586 2648 vult
604 2599 702 2649 Siculo:

142 2669 229 2719 intulit
244 2670 293 2728 ille,
311 2686 402 2719 «meos
419 2687 449 2719 ne
464 2670 566 2738 perdam
580 2671 668 2738 perdar
683 2671 791 2721 amicos!

152 2771 153 2775 =
191 2740 362 2790 Fidosinfidis
378 2758 409 2791 ne
425 2741 486 2791 mihi
502 2743 659 2792 miscueris».
738 2791 739 2794 ,
796 2803 797 2806 ¹
857 2765 890 2790 100
