2068 3216
317 229 351 262 nn
366 228 575 267 Msarouaanraus
591 213 634 262 IV.
655 229 664 260 1

137 356 243 406 Obsistit
259 356 354 416 Fabius,
371 374 422 405 non
438 357 554 423 indignus
571 356 628 422 quia
644 368 722 416 natus,

186 427 232 478 Sed
249 429 306 493 quia
321 429 370 476 iam
385 429 472 477 consul
489 428 619 494 quinquies
634 428 687 493 ipse
703 440 730 477 et
743 436 803 477 avus

137 501 169 548 Et
184 511 253 567 pater
268 511 292 548 et
307 515 422 567 proavus,
439 500 562 548 maiorum
578 500 682 565 quisque
699 516 808 559 suorum,

186 571 285 638 Saepius
302 571 419 631 extiterat,
436 570 539 637 denegat
555 570 580 619 id
596 569 650 619 fore
665 571 710 631 fas,

138 644 176 692 Ne
193 660 235 691 sua
250 643 380 709 progenies
397 643 442 691 hos
460 653 555 709 semper
571 642 670 692 haberet
686 642 810 692 honores:

186 715 229 763 Fas
246 730 337 763 cessare
354 715 477 762 suoshoc
492 714 523 762 ab
539 715 634 762 honore
650 714 731 763 refert.

136 786 278 834 Decernunt
293 798 373 851 patres
389 798 417 834 ut
434 785 517 852 Scipio
532 786 611 833 maior
627 785 726 835 haberet

185 859 214 906 in
230 870 282 906 tota
297 858 390 924 positas
407 857 467 906 urbe
483 874 526 905 sua
542 868 640 916 statuas,

77 960 79 966 ·
138 929 171 977 Ut
187 931 254 989 Iovis
271 930 296 977 in
312 929 380 988 cella,
396 929 548 994 reliquorum
563 944 607 995 per
623 945 688 977 sacra
704 929 802 994 templa,

185 1000 337 1066 inpulvinari
353 1001 425 1049 divus
442 1001 522 1049 honos
539 1000 570 1048 sit
585 1001 616 1060 ei,

137 1072 239 1139 Insuper
255 1085 282 1120 ut
298 1074 356 1120 totis
374 1072 463 1139 quibus
479 1071 545 1121 idem
560 1073 649 1121 vixerit
663 1073 733 1120 annis

186 1144 307 1204 Dictator,
324 1145 411 1193 consul
426 1155 613 1210 permaneatque
629 1144 719 1203 simul;

138 1214 237 1264 Parrum
252 1216 366 1275 consulto
383 1232 428 1264 nec
442 1214 520 1282 plebis
536 1215 593 1263 talia
609 1216 672 1264 scito

188 1288 317 1336 Consentis
333 1287 394 1345 fieri,
410 1288 449 1335 vir
464 1287 609 1346 venerande,
625 1287 686 1336 tibi:

139 1358 239 1417 Forcior
254 1375 363 1426 appares,
380 1358 441 1407 dum
456 1359 519 1407 vitas
535 1358 602 1406 urbis
618 1358 734 1417 honores,

187 1431 258 1497 Ipsos
275 1447 349 1497 quam
364 1430 456 1497 cupido
473 1430 493 1478 si
509 1446 605 1496 caperes
621 1430 712 1479 animo.

139 1501 262 1550 Monstrat
278 1502 407 1550 Marcellus
423 1502 491 1568 prior
507 1501 656 1550 Annibalem
672 1502 779 1568 superari

188 1573 271 1641 Atque
289 1574 407 1622 Siracusas
423 1588 497 1640 posse
513 1573 566 1640 capi
582 1573 696 1638 refugas;

139 1644 164 1693 A
180 1661 231 1711 quo
247 1644 308 1693 dum
325 1645 398 1694 Siculi
415 1656 572 1712 quererentur
587 1644 650 1693 falso
666 1646 770 1710 gravari,

189 1718 260 1779 Quos
277 1717 377 1765 sortitus
394 1728 444 1765 erat
460 1717 547 1765 consul
562 1716 593 1765 ab
609 1716 670 1765 urbe
686 1715 764 1776 datus,

140 1789 195 1854 Ipse
211 1799 282 1853 rogat
298 1788 402 1847 nullum,
419 1805 471 1836 non
486 1799 540 1835 orat
556 1788 639 1837 adesse
656 1800 773 1846 senatum,

189 1859 259 1907 Tunc
275 1859 357 1908 aberat
367 1860 467 1918 consul,
484 1859 583 1908 advenit
598 1860 696 1917 interea,

140 1930 257 1979 Admittit
273 1931 367 1998 placida
383 1931 513 1980 Marcellus
530 1941 610 1979 mente
628 1931 734 1989 Sicanos,

191 2004 261 2065 Quos
278 2019 329 2051 non
345 2002 442 2051 auditos
459 2003 545 2051 consul
561 2002 627 2051 abire
643 2002 718 2061 iubet,

140 2074 185 2122 Ille
200 2085 266 2123 tenet
282 2086 423 2141 motamque
438 2074 500 2140 petit
516 2073 585 2123 finire
602 2074 732 2141 querelam,

190 2147 237 2194 Res
253 2146 342 2211 agitur,
359 2162 455 2194 causam
471 2144 567 2194 disserit
583 2145 635 2211 ipse
651 2162 727 2205 suam,

142 2218 174 2265 Et
191 2234 241 2285 quo
257 2217 357 2266 liberius
374 2217 404 2266 de
421 2234 446 2265 se
462 2233 559 2266 censere
575 2228 671 2265 senatus
713 2266 716 2272 ,

191 2290 286 2351 Quiret,
303 2289 409 2337 concilio
426 2305 483 2337 cum
500 2288 585 2337 Siculis
601 2288 668 2347 abiit,

143 2360 258 2423 Quorum
273 2360 393 2409 frustratis
410 2360 519 2408 examine
535 2359 626 2425 grande
643 2360 755 2425 querelis,

192 2433 295 2480 Orantes
312 2432 398 2498 recipit
414 2447 473 2480 mox
488 2432 514 2485 in
530 2432 655 2490 amiciciar

144 2503 250 2552 Siciliam
265 2516 325 2552 vero
342 2504 452 2562 sortitus,
467 2503 571 2551 contulit
587 2503 652 2551 ultro

191 2577 272 2640 Ipsam
288 2575 404 2640 collegae,
421 2574 464 2642 qui
480 2575 542 2641 petit
558 2574 620 2635 hanc
635 2573 731 2639 cupide.

104 2744 126 2783 48
137 2740 189 2776 divus
199 2740 273 2776 ahman.
