2068 3216
299 205 333 239 un
348 204 556 238 unnonnmmuus
571 190 603 238 11.
622 207 635 238 2

163 332 244 382 Aedes
260 332 318 382 hinc
333 332 401 392 adiit,
417 331 532 381 nobilitas
548 332 638 392 aderat,

117 405 186 467 Quae
202 404 309 453 residens
326 404 419 454 scannis
436 420 561 470 assurgere
576 405 669 471 respuit
684 405 728 465 illi,

164 477 234 525 Dum
249 493 275 524 se
289 477 381 541 privari
397 476 474 525 cernit
489 476 584 525 honore
600 476 667 537 dato,

116 547 234 613 Praecipit
249 546 327 598 afferri
343 548 427 596 sellam
443 547 553 614 seditque
569 548 686 608 curulem,

164 619 250 669 Alcior
265 619 291 668 in
307 619 389 668 medio
406 635 448 669 rex
462 620 531 668 velut
546 620 572 668 in
588 619 669 680 soli0;

116 691 255 757 Assurgunt
270 691 315 751 illi,
331 690 436 740 residere
451 691 539 740 timent
553 691 601 740 nisi
616 691 684 752 iussi,

165 762 222 812 Mos
238 763 368 812 maiestatis
384 763 449 812 illius
465 763 506 811 hic
520 762 606 812 fuerat.

117 833 243 897 Quasdam
258 846 379 884 matronas
396 835 502 884 involvit
519 851 589 902 saeva
604 835 719 902 procella,

165 907 277 969 Quarum
293 906 428 972 Tisiphone
444 922 487 955 cor
503 906 601 955 domuit
616 907 720 968 misere;

117 978 217 1045 Quippe
232 977 353 1027 veneficio
367 979 449 1044 plures
466 989 571 1027 stravere
586 979 714 1038 virorum,

165 1048 241 1112 Quod
258 1050 334 1098 scelus
351 1050 456 1099 ancillae
466 1049 577 1116 prodidit
592 1050 715 1111 inditium,

115 1121 177 1170 ilico
193 1121 311 1188 supplitio
326 1122 389 1170 iuste
404 1122 497 1187 periere
512 1132 622 1182 cruento,

164 1193 371 1242 Viciesoctonae‘
383 1209 444 1260 quae
459 1192 556 1242 fuerant
571 1209 683 1243 numero.

116 1265 240 1314 Novimus
257 1265 371 1332 antiquos
388 1264 475 1314 crebro
490 1281 588 1314 caenare
605 1276 687 1314 suetos

164 1336 228 1385 Aere
245 1336 290 1385 sub
306 1336 374 1385 nudo
390 1353 435 1385 nec
451 1335 527 1385 rubor
542 1336 608 1385 ullus
624 1347 683 1396 etat,
827 1346 887 1390 f-19v

117 1408 215 1474 Saepius
232 1419 256 1456 et
270 1408 351 1474 pultes
368 1408 454 1457 solitos
472 1411 546 1475 quam
561 1407 676 1459 mandere
691 1424 773 1474 panes,

164 1478 329 1528 Illecebrosus
340 1481 407 1528 enim
418 1492 473 1528 'non
489 1491 539 1546 erat
554 1479 595 1528 isse
611 1479 697 1539 cibus;

116 1552 193 1600 Porro
208 1550 258 1599 frui
274 1552 323 1618 qui
332 1550 407 1620 vellet
423 1568 453 1599 eo
469 1548 651 1606 monflumine'
662 1562 761 1617 sumpto

164 1622 257 1671 Mensis
274 1623 400 1688 appositus
416 1622 466 1671 ibat
482 1623 512 1671 ab
529 1622 567 1671 his
584 1634 678 1671 saturus
689 1641 709 1688 ;¹

117 1695 207 1743 Potum
222 1694 274 1743 sive
290 1694 374 1743 cibum
389 1694 527 1760 gaudebant
544 1709 639 1743 sumere
654 1710 762 1761 parcum,

165 1766 275 1831 Exiguus
291 1766 394 1815 Veneris
410 1781 468 1814 eum
482 1765 547 1814 foret
562 1769 621 1815 usus
638 1767 687 1815 eis.'

118 1836 245 1904 Sparthani
260 1838 326 1886 cives
342 1837 428 1886 Asiam
442 1838 520 1886 vitare
536 1836 647 1886 solebant

164 1909 266 1975 Propter
281 1908 439 1958 muitimodas
454 1908 520 1958 illius
535 1909 668 1969 illecebras,
682 1930 683 1933 ¹
726 1929 727 1932 ¹

105 1981 182 2029 ¹Nam
197 1979 320 2030 delibutos
336 1981 456 2029 affirmant
471 1980 581 2046 unguine
596 1980 679 2047 primo

164 2052 236 2101 Ionas
252 2070 280 2102 ac
295 2069 343 2100 una
351 2052 433 2118 primo
449 2051 486 2100 bis
503 2068 554 2101 esse
570 2051 618 2112 die,
674 2056 676 2060 “

116 2123 250 2189 Pigmentis
266 2124 358 2173 flavum
372 2124 466 2190 primos
482 2123 595 2172 condisse
611 2123 706 2183 Lieum‚
784 2184 785 2189 ¹

164 2195 322 2244 Irritamentis
337 2195 491 2260 prostituisse
503 2195 598 2261 gulam.
637 2223 639 2225 -
657 2223 671 2226 ==
725 2224 729 2227 ⁴
767 2224 769 2227 ⁴

116 2267 140 2315 A
155 2266 225 2315 viciis
241 2267 272 2315 ad
288 2267 405 2316 virtutem
420 2266 501 2332 gravis
518 2267 595 2315 exitus
612 2276 684 2326 extat,

164 2338 189 2387 A
203 2339 295 2387 virtute
310 2338 382 2387 nimis
399 2338 429 2387 ad
444 2338 535 2387 vitium
550 2337 636 2397 facilis

117 2409 194 2473 Quod
209 2409 382 2459 Lacedemonii
398 2409 460 2459 duce
470 2409 591 2458 ‘Pausania
607 2409 664 2458 satis
680 2409 729 2457 acri

164 2482 232 2530 Forti
247 2497 324 2530 necne
339 2481 394 2530 viro
411 2481 561 2548 eomperiere
577 2497 631 2539 suo,
732 2485 733 2489 ’
781 2483 782 2486 ’

117 2553 168 2615 Qui
184 2552 253 2601 bellis
269 2552 346 2601 clarus
363 2553 439 2601 caruit
455 2553 515 2601 dum
531 2552 611 2601 debile
626 2552 693 2611 luxu,

79 2730 99 2762 95
112 2728 212 2762 assurgere:
224 2730 232 2753 s
243 2726 322 2762 suprascr.
