2068 3216
813 139 847 188 97

319 210 353 242 DE
369 208 576 242 nunonnnmuus
592 193 635 242 IV.
655 210 665 255 3

133 336 239 385 Assibus
255 337 379 402 urgendos
396 353 453 386 cum
469 337 610 404 quingentis
626 336 657 385 ad
674 336 780 385 Hiberos

185 552 285 619 Semper
294 551 367 612 ,enim
381 566 468 619 parcus
484 552 524 601 vir
538 551 587 600 fuit
601 552 647 601 iste
662 551 763 618 probus.
784 607 785 611 Ἰ

136 622 218 689 Scipio
234 622 271 672 bis
288 623 382 690 consul,
400 624 442 689 qui
458 623 548 672 dicitur
563 623 723 683 Aemilianus,
765 666 767 672 .

185 695 285 761 Quique
300 694 431 762 triumphis
446 694 496 744 iam
511 695 588 744 clarus
605 697 660 758 'erat-
671 695 783 761 geminis,

135 767 221 832 Longe
238 767 343 816 directus
360 778 453 832 septem
469 767 544 816 servis
561 767 692 816 comitatur

184 840 245 888 Non
260 838 346 900 habuit
362 839 480 906 quoniam
494 837 599 906 plurimu
615 839 732 897 servicium

135 909 208 966 Plura
222 910 374 970 Numantina
390 909 636 977 Carthaginienseque
651 910 740 976 praeda

184 982 279 1031 Emisse
295 981 360 1030 hunc
375 981 445 1031 licuit
460 981 503 1030 sed
518 981 594 1042 nichil
609 981 667 1043 hinc
681 981 771 1047 tetigit.

135 1053 257 1103 Romanas
273 1053 338 1115 vires
355 1070 412 1114 cum
426 1053 538 1119 frangere
553 1052 633 1102 Marte
643 1054 770 1121 nequiret,
794 1082 796 1086 f
822 1103 824 1105 ,

184 1124 291 1190 Magnus
307 1141 349 1173 rex
364 1125 460 1185 Pirrusp
470 1125 574 1185 efficitur
589 1126 686 1183 socius:

136 1196 259 1261 Conparet
274 1208 302 1245 ut
318 1197 424 1245 Romam
438 1197 542 1262 patriam
558 1197 673 1263 spoliavit
682 1191 805 1263 opimam,

183 1267 306 1317 Nondum
320 1268 413 1333 venalis
429 1269 509 1317 Roma
523 1268 580 1317 licet
594 1266 676 1328 fuerit,

135 1339 205 1388 Misit
222 1340 392 1405 quamplures
408 1340 539 1399 honeratos
555 1356 609 1401 aere
625 1340 732 1399 clientes

185 1412 236 1474 Qui
251 1411 324 1477 largis
340 1411 428 1460 urbem
443 1411 585 1466 muneribus
601 1411 734 1471 cumulent,

135 1483 210 1531 ianua
226 1483 269 1532 sed
285 1483 357 1532 donis
374 1483 481 1550 aperitur
496 1483 590 1545 nuliius,
603 1482 660 1542 illis,

184 1556 250 1619 Nom
264 1554 366 1621 frugalis
383 1554 462 1604 adhuc
478 1555 544 1621 regia
559 1556 639 1603 Roma
654 1555 709 1615 fuit.

136 1625 271 1691 Exponunt
286 1626 349 1688 dites
366 1625 459 1675 Marius
475 1643 518 1675 seu
534 1626 612 1676 Cinna
626 1637 725 1694 penates

184 1698 254 1746 Dum
268 1697 464 1765 proscriptorum
478 1697 626 1766 pauperibus
641 1697 737 1765 popuii,

136 1767 199 1817 Tam
214 1769 318 1837 cupidus
334 1786 409 1818 nemo
423 1769 472 1818 fuit
486 1782 515 1818 ut
531 1769 591 1835 quid
607 1781 717 1835 tangeret
731 1768 797 1828 inde,

186 1840 232 1889 Sed
247 1841 317 1889 velut
332 1858 346 1889 a
362 1841 434 1890 sacris
451 1841 593 1903 continuere
609 1852 702 1889 manus.

136 1912 267 1978 Pervigilat
283 1912 386 1961 Phirnae
400 1912 469 1979 plebs
486 1912 523 1970 de,
532 1923 584 1961 tota
599 1912 708 1978 regione,

185 1983 249 2032 Cum
265 1984 340 2033 solvit
356 1983 420 2033 divis
436 2000 515 2033 annua
531 1995 590 2033 votn
606 1985 672 2043 suis;

136 2054 222 2114 Affuit,
238 2066 267 2103 ut
283 2054 399 2115 scribunt,
416 2055 447 2104 ab
462 2056 566 2104 Athenis
582 2054 666 2113 nobile
683 2065 792 2103 scortum

185 2128 384 2193 Xenocratesque
400 2138 465 2186 tuus,
481 2144 497 2175 0
514 2127 591 2186 Plato,
608 2126 759 2193 discipulus;

137 2198 294 2247 Conveniunt
309 2199 420 2266 pulcram
434 2199 535 2248 iuvenes
551 2198 659 2247 iudendo
675 2198 791 2265 puellam,

184 2270 306 2335 Frangunt
321 2270 466 2319 Xenocratis
482 2282 511 2318 ut
526 2285 600 2335 grave
615 2269 788 2336 propositum3

137 2341 261 2389 Promittit
275 2340 356 2390 forma
371 2340 463 2390 confisa
478 2342 551 2390 nimis
568 2341 682 2408 spetiosa,

185 2413 296 2462 Noverat
312 2413 378 2461 hunc
393 2424 487 2461 castum
503 2413 588 2461 Gretia
603 2424 655 2460 tota
670 2412 760 2471 virum,

137 2484 246 2549 Utraque
255 2498 310 2550 pars
319 2484 405 2550 posuit
413 2485 503 2551 pignus
515 2483 583 2549 quod
592 2485 716 2550 utrimque
725 2483 848 2549 poposcit,

185 2556 321 2622 inportuna
336 2555 417 2622 probo
434 2573 459 2604 se
474 2555 564 2622 ingerit
579 2555 620 2604 illa
636 2556 699 2614 viro,

100 2724 131 2754 108
143 2732 173 2755 om.
223 2731 254 2765 109
266 2732 303 2765 quo
313 2727 392 2764 suprascr.
419 2746 421 2749 s
443 2733 473 2765 129
485 2720 681 2765 phirnaezhszprascr.
705 2719 727 2755 de
737 2727 815 2765 suprascr.
