2068 3216
342 192 376 225 DE
392 191 601 225 MEMORABILIBUS
617 177 662 224 IX.
683 193 708 237 13
727 204 736 211 -
752 176 797 224 IX.
818 190 846 234 14
900 119 947 165 241

92 315 167 351 f.101v
238 318 354 367 Ponticus
371 318 437 366 hunc
453 332 568 386 superans
585 318 664 384 caepit
679 317 814 384 pugnando
830 318 949 377 tirannus,
987 373 988 376 Ἴ

285 389 392 439 Infestus
404 404 499 457 semper
511 390 638 439 Romuleis
650 389 761 438 ducibus¹

238 460 326 510 Tercio
342 461 392 510 iam
406 461 501 521 consul,
518 462 639 528 Pompeio
653 461 741 520 iudice,
758 460 838 510 Carbo
976 482 984 515 5

288 533 413 600 Supplicio
430 533 517 582 ductus
534 533 684 583 Trinacriam
698 532 793 592 fuerat;

238 603 360 654 Militibus
377 605 483 671 spatium
497 605 585 671 poscit,
602 604 760 653 donec'levet
776 605 867 663 alvum,

287 675 379 724 Tantus
394 691 465 725 amor
479 676 545 725 vitae
559 675 639 725 labilis
655 676 713 725 huic
728 676 821 735 inerat3

239 747 362 796 Protrahit
377 763 456 813 usque
471 763 561 808 moras,
577 748 650 796 lictor
665 748 731 813 turpi
746 747 874 796 residentis

287 820 414 868 Cervicem
429 826 519 868 resecat
534 819 576 868 has
593 819 728 869 breviando
743 819 808 868 loco.
964 840 986 864 10

238 890 272 940 At
288 891 377 939 Brutus
393 891 459 940 vitae
475 902 629 940 momentum
644 907 704 940 mox
718 890 846 958 rapiendae

286 963 355 1012 Emit
368 961 484 1029 probrosi
499 962 624 1012 dedecoris
640 963 737 1028 pretio;

237 1034 324 1083 Furius
341 1033 406 1083 hunc
421 1034 508 1099 caepit,
525 1041 663 1083 constanter
679 1033 782 1083 subdere
797 1034 868 1083 iussit

287 1106 421 1165 Cervicem5
437 1106 493 1154 viso
510 1104 629 1155 subtrahit
645 1104 707 1154 hanc
722 1105 814 1171 gladio,

238 1177 321 1226 Utitur
337 1188 361 1226 et
376 1177 469 1226 timidis
485 1176 608 1226 feriendus
624 1192 684 1227 mox
698 1177 731 1226 ita
747 1177 836 1237 verbis,
964 1198 983 1232 15

287 1248 363 1298 «lam
378 1248 451 1308 dabo,
468 1249 488 1297 si
504 1249 595 1308 vivam,
611 1248 642 1297 da
657 1249 784 1298 modicum
800 1248 902 1316 spatii».

239 1320 379 1370 Humanam
395 1321 488 1369 Xerxes
504 1320 615 1385 deplorat
631 1320 807 1380 conditionem,

286 1391 366 1440 Annis
383 1391 451 1458 quod
467 1392 551 1440 multis
567 1392 651 1441 vivere
666 1408 740 1440 nemo
757 1402 829 1458 queat
838 1411 846 1452 ;

238 1463 324 1511 Fertur
338 1478 385 1529 pro
401 1475 454 1512 rota
469 1464 578 1512 lacrimas
594 1462 687 1513 fudisse
701 1463 808 1523 iuventa,

287 1535 357 1583 Dum
372 1534 445 1583 deflet
459 1550 506 1601 pro
523 1552 555 1595 se,
572 1535 648 1584 totius
665 1535 705 1584 hic
720 1535 801 1584 Asiae.
962 1557 985 1580 20

359 1674 415 1731 QUI
433 1675 582 1720 INSOLITA
598 1675 668 1720 SINT
684 1675 733 1719 USI
748 1675 829 1719 PURE

576 1802 605 1846 14

238 1892 283 1943 Nil
298 1893 381 1941 animo
397 1892 470 1941 dabat
486 1892 593 1941 humano
610 1892 667 1942 fidei
684 1893 819 1953 Masinissa,

288 1964 339 2028 Qui
356 1963 403 2013 sibi
418 1964 532 2013 custodes
548 1965 638 2013 fecerat
654 1982 705 2013 esse
721 1981 809 2024 canes;

239 2036 316 2104 Copia
332 2047 448 2085 natorum
462 2046 567 2101 praestat
582 2035 692 2102 locuples
708 2052 788 2102 neque
803 2052 907 2103 regnum

286 2108 384 2173 Degere
400 2123 513 2157 securum
529 2107 571 2156 sed
587 2124 667 2173 neque
683 2108 810 2174 mancipia.

239 2178 949 2244 Torquethlexandrummetushincamorindetirannum:
977 2201 984 2234 ς

288 2250 407 2316 Coniugis
423 2250 464 2299 hic
480 2250 575 2300 Thebes
592 2252 650 2299 arsit
664 2266 748 2299 amore
764 2251 841 2316 gravi,

239 2322 315 2371 Cuius
331 2321 490 2371 concubitum
506 2322 619 2388 quotiens
634 2323 697 2389 petit
712 2322 841 2382 exitialem,

287 2393 411 2442 Precaedit
427 2394 512 2443 stricto
529 2393 643 2442 barbarus
660 2393 725 2442 hunc
741 2394 832 2459 gladio,

239 2464 293 2515 Nec
307 2465 376 2532 prius
391 2464 496 2514 audebat
511 2466 575 2514 lecto
592 2466 745 2514 committere
761 2466 877 2526 membra,

289 2536 411 2585 Scrutatus
428 2546 492 2585 cura
502 2553 576 2603 quam
591 2536 655 2585 foret
672 2537 823 2596 omnimoda
964 2559 987 2583 ιο

204 2713 230 2745 13,
244 2712 264 2744 14
275 2703 331 2736 hanc:
343 2702 355 2735 h
371 2709 450 2747 siprascr.
