2068 3216
449 234 568 268 rarsrura
593 219 630 268 XI

185 360 254 410 Bruti
269 359 387 410 fulminea
402 362 519 411 iaculatur
534 363 599 412 filius
616 362 683 411 hasta

233 431 381 499 Tarquinius
398 434 499 500 dempto
514 450 561 501 pro
576 434 652 501 patris
668 434 789 500 imperio;

185 504 275 553 Tereus
292 516 316 554 et
333 504 419 555 doctae
434 521 526 555 novere
541 517 652 573 patenter
668 505 778 555 Athenae

233 576 310 625 Seviit
326 576 360 625 ob
376 577 484 642 Prognes
500 588 528 626 ut
544 578 688 628 Philomena
704 589 823 644 stuprum.

182 648 300 697 Insistunt
315 647 400 697 fratres
416 649 491 715 patris
507 649 592 699 ulcisci
608 649 665 716 quia
681 666 763 699 manes

231 720 322 769 Hostes
338 720 447 787 aggressi
462 721 615 788 procubuere
630 721 683 770 tui:

182 791 280 840 Restitit
295 791 352 841 inde
368 791 419 842 dias
435 792 520 852 ineis,
536 794 608 859 periit
625 793 681 859 quia
697 804 777 853 tetras,

231 865 336 930 Hocque
352 863 415 914 duos
433 863 527 930 quadro
543 882 595 914 non
610 865 668 930 lego
684 881 730 913 nos
746 879 858 923 numero,

181 936 295 1001 Namque
308 935 392 985 relicta
404 947 477 985 tetras
491 947 515 985 et
528 936 608 986 adhuc
621 948 679 995 erat,
692 947 716 984 at
730 936 807 986 modo
821 947 892 984 restat

231 1007 287 1056 Sola
303 1006 363 1067 dias,
380 1024 466 1057 monas
482 1007 569 1059 ultima
584 1009 633 1057 iam
647 1019 769 1075 properat⁴
908 1030 928 1062 30

181 1080 268 1144 Nuper
280 1095 346 1128 eram
359 1079 473 1145 Gyomis,
485 1079 554 1129 locus
567 1080 608 1129 hic
620 1080 679 1128 situs
693 1091 728 1128 est
738 1097 805 1129 secus
816 1079 892 1128 amnis

229 1151 298 1200 Litus
314 1150 417 1200 labentis
433 1167 477 1217 per
493 1152 608 1200 Turonos
624 1151 726 1218 Ligeris,

180 1222 298 1288 Dumque
314 1239 383 1273 meos
400 1222 497 1272 declino
512 1223 573 1273 lares
590 1223 650 1273 dum
665 1223 744 1272 visere
760 1223 834 1281 civeS,

228 1293 347 1343 infestant
363 1295 427 1344 sevis
443 1294 552 1361 dumque
567 1307 646 1344 truces
663 1294 736 1354 odiis,

180 1366 280 1414 Pectore
296 1382 387 1431 quaero
404 1366 465 1416 meis
482 1383 533 1432 quo
549 1383 702 1416 commaneas
718 1366 832 1424 inimicis,
906 1388 925 1421 55

228 1436 270 1485 An
285 1437 331 1485 tibi
347 1437 395 1487 sint
410 1437 490 1487 tristes
506 1455 537 1487 an
553 1438 598 1487 tibi
614 1438 662 1487 sint
677 1437 778 1498 hilares3

181 1509 314 1574 Comperio
329 1508 394 1559 fama
410 1525 559 1559 succrescere
574 1510 652 1561 multa
668 1510 770 1569 sinistra,

229 1581 261 1641 Et
276 1580 323 1629 tibi
338 1580 465 1631 fortunam
480 1593 574 1631 vertere
589 1594 657 1647 terga
673 1581 772 1641 bonam,

181 1650 366 1720 Sollicitumque
382 1654 419 1702 tui
435 1653 614 1722 querulumque
629 1653 754 1702 ruentibus
771 1652 864 1702 umbris

228 1724 309 1774 Nocte
325 1724 380 1774 data
395 1724 450 1774 talis
466 1725 532 1774 visio
548 1725 717 1774 commonuit:
904 1746 927 1778 40

179 1796 257 1844 Paene
271 1796 335 1861 vigil
350 1808 375 1845 te
390 1812 465 1845 cerno
481 1796 542 1847 meis
557 1797 672 1847 adsistere
688 1797 776 1855 stratis,

227 1868 397 1934 Demissisque
413 1868 496 1917 solum
510 1867 585 1934 figere
600 1867 742 1927 luminibus,

180 1939 292 2004 Cumque
307 1939 351 1988 diu
366 1940 450 1989 clauso
466 1941 577 1990 reticeres
593 1940 688 1989 tristior
703 1956 753 1999 ore,

227 2011 283 2075 Ipse
299 2011 400 2078 quidem
414 2012 513 2078 linguae
529 2012 632 2061 claustra
647 2011 746 2060 resolvo
762 2028 837 2068 meae,

179 2082 211 2130 Et
228 2080 288 2131 dum
303 2094 328 2131 te
343 2082 425 2132 verbis
441 2084 559 2132 instanter
573 2084 692 2133 adhortor
706 2083 799 2142 amicis,
904 2104 924 2137 45

227 2154 260 2201 Et
275 2154 481 2221 circumspectum
496 2172 644 2204 commoneo
660 2152 721 2214 fieri,

179 2225 331 2289 Respondes,
348 2226 484 2293 «Agathos
501 2243 540 2277 me
555 2244 608 2276 non
623 2226 681 2275 sinit
690 2243 713 2275 »ς
724 2226 783 2275 ilico
799 2226 867 2274 deses

228 2296 333 2345 Somnus
349 2297 408 2358 abit,
424 2298 511 2365 pennis
527 2299 618 2365 linquit
633 2309 657 2346 et
673 2313 730 2346 arva
744 2298 830 2363 pigris,

178 2368 252 2433 Fugit
268 2379 292 2417 et
308 2370 431 2437 extemplo
447 2381 488 2418 tua
504 2387 544 2419 me
560 2369 681 2419 subtristis
697 2370 796 2435 imago:

227 2440 304 2502 Quod
320 2440 367 2489 tibi
382 2458 435 2490 non
449 2442 522 2508 potui
537 2442 607 2507 plura
621 2441 691 2506 loqui
707 2441 784 2490 dolui.
905 2464 926 2495 50

177 2513 297 2577 Ignorans
313 2512 425 2578 Agathos
443 2514 504 2579 quid
520 2526 578 2573 erat,
595 2512 753 2581 quamplura
769 2512 872 2561 revolvo

143 2653 342 2698 31GiomisMabillon.
388 2667 408 2699 32
422 2654 471 2689 littus
486 2655 516 2690 Cn.
541 2656 620 2689 Turones
634 2654 664 2689 Cn.
677 2654 727 2698 Jenal.
788 2666 808 2699 34
822 2664 890 2690 truces:

104 2699 247 2736 ,meosMabilloa
280 2702 484 2746 35quo:curCn.Jenal
512 2702 717 2737 cummaneasMahillon.
753 2704 891 2745 4ocommunuit

104 2749 139 2783 »Ca
187 2760 209 2793 47
220 2760 257 2783 non
268 2760 297 2783 me
308 2749 339 2784 Cn.
