2068 3216
219 155 229 187 1
236 155 247 200 3
253 155 268 186 o

403 227 438 260 on
453 225 661 259 srnuoamumaus
677 211 708 258 V.
726 227 742 270 4

217 352 291 418 Cogit
307 369 430 420 quemque
445 365 544 420 patrum
559 352 648 412 testari,
666 369 731 401 sacra
747 353 851 401 deorum

266 425 305 473 Ne
320 425 422 492 linquat,
439 426 546 474 Romam
562 425 655 474 deserat
670 424 816 474 Ausoniam.

217 496 320 544 Matrica
336 496 396 545 dum
411 496 481 562 regio
497 508 577 546 rueret
594 496 639 545 sub
655 496 766 562 principe
782 495 873 555 Codm,

267 568 357 617 Hostes
374 584 448 636 quam
464 568 570 633 spoliant
585 568 692 635 igneque
708 568 870 634 depopulant,

217 639 298 687 Divus
315 640 338 687 ei
353 654 396 706 per
411 639 653 707 legatosrespondet
668 639 770 706 Apollo,

267 711 359 759 Hostili
375 710 470 760 Codrus
487 711 507 760 si
523 712 618 761 caderet
634 711 740 777 gladio,
929 722 940 758 f.
956 722 976 765 56

218 781 242 829 A
258 783 321 831 sevis
337 783 441 849 patriam
456 799 515 831 mox
530 783 642 832 hostibus
659 782 815 849 eripiendam,
834 789 835 799 ³

267 854 318 917 Qui
335 870 415 903 sermo
431 855 525 903 eunctis
541 854 653 904 hostibus
669 855 793 913 innotuit;
849 856 851 861 ’

218 925 303 990 Vulgo
319 925 465 993 praecipitur
481 943 511 974 ne
527 942 570 974 rex
585 926 681 976 Codrus
697 926 837 993 perimatur,

268 996 362 1049 Codrus
379 998 470 1063 regales
487 999 554 1046 exuit
566 998 689 1057 induvias,

219 1062 315 1119 Pabula
324 1068 441 1118 iumentis,
455 1086 480 1117 se
496 1069 707 1137 suppeditantibus
723 1068 802 1128 offert,

268 1140 317 1189 Uni
332 1140 450 1189 faeniseca
464 1140 526 1189 falce
542 1140 608 1190 dolat
623 1142 704 1200 latera,

218 1212 333 1260 Vulneris
349 1212 467 1280 inpatiens
483 1212 574 1262 occidit
590 1213 630 1261 hic
645 1213 703 1262 ilico
719 1227 809 1278 regem,

267 1284 364 1352 Eripuit
379 1284 482 1351 patriam
497 1296 609 1333 mortuus
624 1284 666 1346 ille
682 1296 757 1332 suam.
782 1301 783 1304 ¹

219 1356 290 1404 Hanc
304 1374 318 1405 a
334 1367 371 1404 ter
386 1356 454 1405 denis
472 1356 576 1415 salvasti,
593 1373 689 1421 magne,
706 1354 806 1403 tirannis

267 1428 348 1477 Heros
365 1427 516 1487 Thrasibule,
533 1428 673 1476 strenuitate
689 1439 746 1486 tua;

218 1499 288 1547 Dum
304 1498 400 1548 modice
415 1499 488 1559 vires,
505 1500 599 1547 animus
617 1499 659 1548 sed
675 1499 766 1547 multus
783 1497 884 1555 adesset,

268 1571 337 1619 Unus
354 1570 384 1619 de
400 1571 473 1619 sociis
490 1570 548 1619 haec
563 1571 609 1619 tibi
624 1571 703 1619 verba
715 1570 799 1619 dedit:
851 1569 870 1609 ῙΪ

221 1642 312 1705 «Quas
327 1642 372 1690 tibi
385 1642 509 1708 persolvet
522 1657 566 1709 per
579 1654 603 1690 te
617 1654 684 1690 eruta
697 1642 774 1708 patria
788 1639 885 1706 grates?
895 1658 909 1687 »

267 1713 337 1762 Dicis
354 1714 383 1772 ei,
404 1714 522 1762 «solvam
538 1713 616 1762 debeo
633 1730 692 1779 quas
708 1713 837 1761 utinaml»

219 1785 286 1833 Urbe
303 1802 345 1833 sua
360 1786 454 1851 pulsus,
471 1802 534 1851 quos
550 1785 641 1833 vicerat
657 1796 733 1843 antea,
750 1785 832 1833 Persas

267 1857 326 1905 Dux
342 1857 517 1905 Themistocles
533 1857 676 1923 praecipuus
692 1856 774 1922 peciit,

218 1928 243 1976 A
259 1928 348 1994 quibus
365 1928 417 1994 ipse
434 1945 487 1977 suas
504 1928 619 1976 adversus
636 1927 687 1976 du‘x
702 1927 729 1976 fir
745 1926 862 1985 Athenas,

268 2000 352 2048 Persae
368 2011 453 2048 contra
470 2016 529 2065 quas
545 1999 579 2048 ire
596 1999 684 2047 ducem
700 2009 825 2056 statuunt;

218 2071 377 2120 Devastando
394 2071 475 2119 solum
490 2088 521 2119 ne
538 2071 637 2119 subruat
652 2071 693 2119 ille
708 2081 845 2137 paternum,

268 2144 376 2191 Mactato
392 2154 462 2191 tauro
479 2142 520 2191 dat
537 2158 601 2191 sacra
616 2141 666 2190 liba
682 2141 741 2207 deis,

218 2213 287 2263 Illius
303 2226 431 2280 exceptum
446 2226 528 2280 patera
542 2214 653 2279 potando
669 2229 789 2272 eruorem,

267 2285 333 2333 Ante
349 2302 424 2334 sacras
441 2300 491 2334 aras
508 2285 608 2334 victima
624 2301 689 2333 sacra
704 2285 761 2334 ruit.

220 2357 373 2421 Cyrenaede
388 2356 478 2405 finibus
494 2368 518 2404 et
535 2356 743 2422 Carthaginienses

268 2429 368 2477 Pactum
383 2426 506 2493 iurgantes
523 2427 571 2476 hoc
587 2427 633 2486 sibi
649 2427 810 2486 constituunt,

219 2500 328 2565 Utraque
343 2516 398 2565 pars
414 2516 463 2548 una
479 2515 589 2548 cursores
606 2499 687 2547 mittat
702 2500 728 2547 in
744 2500 812 2558 hora,

115 2594 148 2626 190
269 2571 327 2633 Quo
344 2572 416 2619 simul
432 2582 568 2629 occurrent,
584 2571 702 2618 terminus
718 2582 745 2618 ut
762 2570 793 2618 sit
809 2569 861 2628 eis;

184 2738 214 2782 163
226 2737 286 2781 apollo
296 2739 313 2772 in
323 2749 356 2772 ras.
406 2736 435 2780 165
448 2736 553 2781 eripiendam
565 2738 581 2770 in
592 2747 624 2772 ras.
