<?xml version="1.0" encoding="UTF-8"?>
<!DOCTYPE html PUBLIC "-//W3C//DTD XHTML 1.0 Transitional//EN"
    "http://www.w3.org/TR/xhtml1/DTD/xhtml1-transitional.dtd">
<html xmlns="http://www.w3.org/1999/xhtml" xml:lang="en" lang="en">
 <head>
  <title>
</title>
<meta http-equiv="Content-Type" content="text/html;charset=utf-8" />
  <meta name='ocr-system' content='tesseract 3.04.00' />
  <meta name='ocr-capabilities' content='ocr_page ocr_carea ocr_par ocr_line ocrx_word'/>
</head>
<body>
  <div class='ocr_page' id='page_1' title='image "MN40034ucmf_3_0302.png"; bbox 0 0 2068 3216; ppageno 0'>
   <div class='ocr_carea' id='block_1_1' title="bbox 358 165 886 267">
    <p class='ocr_par' dir='ltr' id='par_1_1' title="bbox 358 165 886 267">
     <span class='ocr_line' id='line_1_1' title="bbox 840 165 871 195; baseline 0 0"><span class='ocrx_word' id='word_1_1' title='bbox 840 165 871 195; x_wconf 85' lang='lat'><strong>22</strong></span> 
     </span>
     <span class='ocr_line' id='line_1_2' title="bbox 358 165 886 267; baseline -0.004 0"><span class='ocrx_word' id='word_1_2' title='bbox 358 234 392 267; x_wconf 85' lang='lat' dir='ltr'><strong>DE</strong></span> <span class='ocrx_word' id='word_1_3' title='bbox 408 230 616 266; x_wconf 82' lang='lat' dir='ltr'><strong>MEMORABILIBUS</strong></span> <span class='ocrx_word' id='word_1_4' title='bbox 632 218 677 266; x_wconf 86' lang='lat' dir='ltr'><strong>IX.</strong></span> <span class='ocrx_word' id='word_1_5' title='bbox 697 235 709 265; x_wconf 88' lang='lat'>2</span> <span class='ocrx_word' id='word_1_6' title='bbox 877 165 886 209; x_wconf 58' lang='lat'><em>5</em></span> 
     </span>
    </p>
   </div>
   <div class='ocr_carea' id='block_1_2' title="bbox 175 360 950 2645">
    <p class='ocr_par' dir='ltr' id='par_1_2' title="bbox 175 360 950 2645">
     <span class='ocr_line' id='line_1_3' title="bbox 176 360 770 430; baseline -0.002 -18"><span class='ocrx_word' id='word_1_7' title='bbox 176 364 297 430; x_wconf 83' lang='lat' dir='ltr'><strong>Expertus</strong></span> <span class='ocrx_word' id='word_1_8' title='bbox 313 361 402 411; x_wconf 90' lang='lat' dir='ltr'><strong>merito</strong></span> <span class='ocrx_word' id='word_1_9' title='bbox 417 360 511 425; x_wconf 90' lang='lat' dir='ltr'><strong>primus</strong></span> <span class='ocrx_word' id='word_1_10' title='bbox 529 372 633 426; x_wconf 90' lang='lat' dir='ltr'><strong>quantus</strong></span> <span class='ocrx_word' id='word_1_11' title='bbox 649 360 770 411; x_wconf 92' lang='lat' dir='ltr'><strong>cruciatus</strong></span> 
     </span>
     <span class='ocr_line' id='line_1_4' title="bbox 224 432 751 499; baseline -0.002 -16"><span class='ocrx_word' id='word_1_12' title='bbox 224 434 273 483; x_wconf 88' lang='lat' dir='ltr'><strong>Hic</strong></span> <span class='ocrx_word' id='word_1_13' title='bbox 289 444 347 492; x_wconf 89' lang='lat' dir='ltr'><strong>erat,</strong></span> <span class='ocrx_word' id='word_1_14' title='bbox 363 443 414 481; x_wconf 88' lang='lat' dir='ltr'><strong>arte</strong></span> <span class='ocrx_word' id='word_1_15' title='bbox 429 443 479 492; x_wconf 89' lang='lat' dir='ltr'><strong>tua,</strong></span> <span class='ocrx_word' id='word_1_16' title='bbox 496 449 552 481; x_wconf 78' lang='lat' dir='ltr'><strong>seue</strong></span> <span class='ocrx_word' id='word_1_17' title='bbox 568 432 751 499; x_wconf 65' lang='lat' dir='ltr'><strong>Perille,‘peris.</strong></span> 
     </span>
     <span class='ocr_line' id='line_1_5' title="bbox 175 503 742 564; baseline -0.002 -10"><span class='ocrx_word' id='word_1_18' title='bbox 175 504 339 556; x_wconf 85' lang='lat' dir='ltr'><strong>Asdrubalem</strong></span> <span class='ocrx_word' id='word_1_19' title='bbox 354 514 440 553; x_wconf 88' lang='lat' dir='ltr'><strong>contra</strong></span> <span class='ocrx_word' id='word_1_20' title='bbox 455 503 597 553; x_wconf 73' lang='lat' dir='ltr'><strong>mittebatur</strong></span> <span class='ocrx_word' id='word_1_21' title='bbox 614 504 742 564; x_wconf 78' lang='lat' dir='ltr'><strong>Salinator,</strong></span> 
     </span>
     <span class='ocr_line' id='line_1_6' title="bbox 224 575 926 644; baseline -0.004 -18"><span class='ocrx_word' id='word_1_22' title='bbox 224 580 263 628; x_wconf 90' lang='lat' dir='ltr'><strong>Ne</strong></span> <span class='ocrx_word' id='word_1_23' title='bbox 278 586 374 644; x_wconf 84' lang='lat' dir='ltr'><strong>pugnet</strong></span> <span class='ocrx_word' id='word_1_24' title='bbox 389 586 480 624; x_wconf 90' lang='lat' dir='ltr'><strong>temere</strong></span> <span class='ocrx_word' id='word_1_25' title='bbox 495 587 639 642; x_wconf 78' lang='lat' dir='ltr'><strong>praemonet</strong></span> <span class='ocrx_word' id='word_1_26' title='bbox 654 576 721 624; x_wconf 87' lang='lat' dir='ltr'><strong>hunc</strong></span> <span class='ocrx_word' id='word_1_27' title='bbox 736 575 833 637; x_wconf 89' lang='lat' dir='ltr'><strong>Fabius,</strong></span> <span class='ocrx_word' id='word_1_28' title='bbox 904 600 926 632; x_wconf 82' lang='lat'><strong>90</strong></span> 
     </span>
     <span class='ocr_line' id='line_1_7' title="bbox 175 646 780 715; baseline -0.002 -17"><span class='ocrx_word' id='word_1_29' title='bbox 175 649 210 698; x_wconf 90' lang='lat' dir='ltr'><strong>Ni</strong></span> <span class='ocrx_word' id='word_1_30' title='bbox 225 650 293 715; x_wconf 91' lang='lat' dir='ltr'><strong>prius</strong></span> <span class='ocrx_word' id='word_1_31' title='bbox 309 647 424 713; x_wconf 89' lang='lat' dir='ltr'><strong>inspectis</strong></span> <span class='ocrx_word' id='word_1_32' title='bbox 440 646 527 695; x_wconf 91' lang='lat' dir='ltr'><strong>animis</strong></span> <span class='ocrx_word' id='word_1_33' title='bbox 543 658 567 695; x_wconf 94' lang='lat' dir='ltr'><strong>et</strong></span> <span class='ocrx_word' id='word_1_34' title='bbox 582 647 677 697; x_wconf 84' lang='lat' dir='ltr'><strong>uiribus</strong></span> <span class='ocrx_word' id='word_1_35' title='bbox 694 647 780 708; x_wconf 89' lang='lat' dir='ltr'><strong>hostis,</strong></span> 
     </span>
     <span class='ocr_line' id='line_1_8' title="bbox 224 718 768 779; baseline -0.006 -9"><span class='ocrx_word' id='word_1_36' title='bbox 224 723 284 771; x_wconf 87' lang='lat' dir='ltr'><strong>Non</strong></span> <span class='ocrx_word' id='word_1_37' title='bbox 299 719 370 769; x_wconf 90' lang='lat' dir='ltr'><strong>aliter</strong></span> <span class='ocrx_word' id='word_1_38' title='bbox 385 729 468 767; x_wconf 90' lang='lat' dir='ltr'><strong>tutum</strong></span> <span class='ocrx_word' id='word_1_39' title='bbox 482 718 546 767; x_wconf 93' lang='lat' dir='ltr'><strong>bella</strong></span> <span class='ocrx_word' id='word_1_40' title='bbox 561 734 662 767; x_wconf 80' lang='lat' dir='ltr'><strong>mouere</strong></span> <span class='ocrx_word' id='word_1_41' title='bbox 679 719 768 779; x_wconf 91' lang='lat' dir='ltr'><strong>docet;</strong></span> 
     </span>
     <span class='ocr_line' id='line_1_9' title="bbox 176 790 817 859; baseline -0.003 -17"><span class='ocrx_word' id='word_1_42' title='bbox 176 793 269 842; x_wconf 88' lang='lat' dir='ltr'><strong>Consul</strong></span> <span class='ocrx_word' id='word_1_43' title='bbox 285 792 327 850; x_wconf 88' lang='lat' dir='ltr'><strong>ait,</strong></span> <span class='ocrx_word' id='word_1_44' title='bbox 345 806 428 838; x_wconf 84' lang='lat' dir='ltr'><strong>«mox</strong></span> <span class='ocrx_word' id='word_1_45' title='bbox 442 790 560 839; x_wconf 87' lang='lat' dir='ltr'><strong>obtulerit</strong></span> <span class='ocrx_word' id='word_1_46' title='bbox 576 807 601 839; x_wconf 89' lang='lat' dir='ltr'><strong>se</strong></span> <span class='ocrx_word' id='word_1_47' title='bbox 617 792 714 840; x_wconf 83' lang='lat' dir='ltr'><strong>occasio</strong></span> <span class='ocrx_word' id='word_1_48' title='bbox 730 792 817 859; x_wconf 88' lang='lat' dir='ltr'><strong>prima,</strong></span> 
     </span>
     <span class='ocr_line' id='line_1_10' title="bbox 225 861 812 927; baseline -0.003 -14"><span class='ocrx_word' id='word_1_49' title='bbox 225 864 385 913; x_wconf 85' lang='lat' dir='ltr'><strong>Committam</strong></span> <span class='ocrx_word' id='word_1_50' title='bbox 399 861 456 910; x_wconf 86' lang='lat' dir='ltr'><strong>fatis</strong></span> <span class='ocrx_word' id='word_1_51' title='bbox 472 861 593 927; x_wconf 85' lang='lat' dir='ltr'><strong>ambiguis</strong></span> <span class='ocrx_word' id='word_1_52' title='bbox 610 862 672 911; x_wconf 89' lang='lat' dir='ltr'><strong>acies</strong></span> <span class='ocrx_word' id='word_1_53' title='bbox 682 880 714 922; x_wconf 76' lang='lat'><strong>»3</strong></span> <span class='ocrx_word' id='word_1_54' title='bbox 810 874 812 878; x_wconf 60' lang='lat'><em>⁴</em></span> 
     </span>
     <span class='ocr_line' id='line_1_11' title="bbox 178 933 923 1001; baseline 0 -18"><span class='ocrx_word' id='word_1_55' title='bbox 178 952 191 983; x_wconf 86' lang='lat'>«</span> <span class='ocrx_word' id='word_1_56' title='bbox 201 936 251 985; x_wconf 90' lang='lat' dir='ltr'><strong>Cur</strong></span> <span class='ocrx_word' id='word_1_57' title='bbox 258 950 375 1001; x_wconf 88' lang='lat' dir='ltr'><strong>properes</strong></span> <span class='ocrx_word' id='word_1_58' title='bbox 384 951 408 994; x_wconf 91' lang='lat'><strong>›&gt;,</strong></span> <span class='ocrx_word' id='word_1_59' title='bbox 417 933 498 999; x_wconf 88' lang='lat' dir='ltr'><strong>inquit</strong></span> <span class='ocrx_word' id='word_1_60' title='bbox 507 933 604 993; x_wconf 87' lang='lat' dir='ltr'><strong>Fabius,</strong></span> <span class='ocrx_word' id='word_1_61' title='bbox 615 949 748 1000; x_wconf 85' lang='lat' dir='ltr'><strong>«pugnare</strong></span> <span class='ocrx_word' id='word_1_62' title='bbox 757 933 847 984; x_wconf 87' lang='lat' dir='ltr'><strong>doceto</strong></span> <span class='ocrx_word' id='word_1_63' title='bbox 857 952 872 983; x_wconf 78' lang='lat' dir='ltr'><strong>u</strong></span> <span class='ocrx_word' id='word_1_64' title='bbox 883 953 888 984; x_wconf 92' lang='lat'><strong>:</strong></span> <span class='ocrx_word' id='word_1_65' title='bbox 903 958 923 990; x_wconf 79' lang='lat'><strong>95</strong></span> 
     </span>
     <span class='ocr_line' id='line_1_12' title="bbox 226 1005 810 1071; baseline 0.002 -17"><span class='ocrx_word' id='word_1_66' title='bbox 226 1006 333 1066; x_wconf 84' lang='lat' dir='ltr'><strong>«Aut»,</strong></span> <span class='ocrx_word' id='word_1_67' title='bbox 349 1005 391 1065; x_wconf 88' lang='lat' dir='ltr'><strong>ait,</strong></span> <span class='ocrx_word' id='word_1_68' title='bbox 410 1016 460 1054; x_wconf 89' lang='lat' dir='ltr'><strong>«ut</strong></span> <span class='ocrx_word' id='word_1_69' title='bbox 476 1022 546 1055; x_wconf 90' lang='lat' dir='ltr'><strong>caeso</strong></span> <span class='ocrx_word' id='word_1_70' title='bbox 562 1005 654 1071; x_wconf 78' lang='lat' dir='ltr'><strong>glorier</strong></span> <span class='ocrx_word' id='word_1_71' title='bbox 670 1006 741 1055; x_wconf 92' lang='lat' dir='ltr'><strong>hoste</strong></span> <span class='ocrx_word' id='word_1_72' title='bbox 756 1006 810 1055; x_wconf 89' lang='lat' dir='ltr'><strong>fero</strong></span> 
     </span>
     <span class='ocr_line' id='line_1_13' title="bbox 177 1076 817 1143; baseline 0 -16"><span class='ocrx_word' id='word_1_73' title='bbox 177 1077 228 1127; x_wconf 85' lang='lat' dir='ltr'><strong>Aut</strong></span> <span class='ocrx_word' id='word_1_74' title='bbox 243 1089 271 1127; x_wconf 94' lang='lat' dir='ltr'><strong>ut</strong></span> <span class='ocrx_word' id='word_1_75' title='bbox 287 1077 317 1127; x_wconf 91' lang='lat' dir='ltr'><strong>de</strong></span> <span class='ocrx_word' id='word_1_76' title='bbox 333 1076 403 1127; x_wconf 79' lang='lat' dir='ltr'><strong>uicto</strong></span> <span class='ocrx_word' id='word_1_77' title='bbox 418 1087 526 1126; x_wconf 86' lang='lat' dir='ltr'><strong>crescant</strong></span> <span class='ocrx_word' id='word_1_78' title='bbox 541 1076 602 1126; x_wconf 90' lang='lat' dir='ltr'><strong>mihi</strong></span> <span class='ocrx_word' id='word_1_79' title='bbox 618 1076 707 1143; x_wconf 89' lang='lat' dir='ltr'><strong>gaudia</strong></span> <span class='ocrx_word' id='word_1_80' title='bbox 722 1078 777 1127; x_wconf 84' lang='lat' dir='ltr'><strong>cive</strong></span> <span class='ocrx_word' id='word_1_81' title='bbox 786 1095 817 1127; x_wconf 74' lang='grc' dir='ltr'><strong>»ε</strong></span> 
     </span>
     <span class='ocr_line' id='line_1_14' title="bbox 224 1148 823 1209; baseline 0 -11"><span class='ocrx_word' id='word_1_82' title='bbox 224 1150 333 1198; x_wconf 90' lang='lat' dir='ltr'><strong>Dimicat</strong></span> <span class='ocrx_word' id='word_1_83' title='bbox 347 1149 389 1197; x_wconf 91' lang='lat' dir='ltr'><strong>ille</strong></span> <span class='ocrx_word' id='word_1_84' title='bbox 405 1159 487 1197; x_wconf 87' lang='lat' dir='ltr'><strong>tamen</strong></span> <span class='ocrx_word' id='word_1_85' title='bbox 502 1148 580 1198; x_wconf 90' lang='lat' dir='ltr'><strong>vincit</strong></span> <span class='ocrx_word' id='word_1_86' title='bbox 595 1159 619 1198; x_wconf 90' lang='lat' dir='ltr'><strong>et</strong></span> <span class='ocrx_word' id='word_1_87' title='bbox 635 1148 823 1209; x_wconf 78' lang='lat' dir='ltr'><strong>Hasdrubalem,</strong></span> 
     </span>
     <span class='ocr_line' id='line_1_15' title="bbox 177 1220 805 1289; baseline 0 -19"><span class='ocrx_word' id='word_1_88' title='bbox 177 1222 272 1289; x_wconf 87' lang='lat' dir='ltr'><strong>Proque</strong></span> <span class='ocrx_word' id='word_1_89' title='bbox 288 1221 358 1269; x_wconf 91' lang='lat' dir='ltr'><strong>malis</strong></span> <span class='ocrx_word' id='word_1_90' title='bbox 375 1220 441 1269; x_wconf 91' lang='lat' dir='ltr'><strong>bona</strong></span> <span class='ocrx_word' id='word_1_91' title='bbox 457 1220 570 1281; x_wconf 88' lang='lat' dir='ltr'><strong>restituit,</strong></span> <span class='ocrx_word' id='word_1_92' title='bbox 587 1220 703 1269; x_wconf 86' lang='lat' dir='ltr'><strong>dannarat</strong></span> <span class='ocrx_word' id='word_1_93' title='bbox 718 1221 805 1287; x_wconf 89' lang='lat' dir='ltr'><strong>iniquo</strong></span> 
     </span>
     <span class='ocr_line' id='line_1_16' title="bbox 224 1292 926 1360; baseline -0.004 -19"><span class='ocrx_word' id='word_1_94' title='bbox 224 1294 310 1359; x_wconf 85' lang='lat' dir='ltr'><strong>Ipsum</strong></span> <span class='ocrx_word' id='word_1_95' title='bbox 325 1294 451 1341; x_wconf 90' lang='lat' dir='ltr'><strong>Romanus</strong></span> <span class='ocrx_word' id='word_1_96' title='bbox 467 1292 556 1341; x_wconf 89' lang='lat' dir='ltr'><strong>iuditio</strong></span> <span class='ocrx_word' id='word_1_97' title='bbox 572 1292 688 1360; x_wconf 90' lang='lat' dir='ltr'><strong>populus.</strong></span> <span class='ocrx_word' id='word_1_98' title='bbox 892 1316 926 1339; x_wconf 85' lang='lat'><strong>100</strong></span> 
     </span>
     <span class='ocr_line' id='line_1_17' title="bbox 176 1362 625 1429; baseline 0 -17"><span class='ocrx_word' id='word_1_99' title='bbox 176 1362 287 1413; x_wconf 88' lang='lat' dir='ltr'><strong>Imbutus</strong></span> <span class='ocrx_word' id='word_1_100' title='bbox 303 1364 362 1412; x_wconf 89' lang='lat' dir='ltr'><strong>iuris</strong></span> <span class='ocrx_word' id='word_1_101' title='bbox 379 1363 459 1413; x_wconf 82' lang='lat' dir='ltr'><strong>ciuilis</strong></span> <span class='ocrx_word' id='word_1_102' title='bbox 475 1364 625 1429; x_wconf 86' lang='lat' dir='ltr'><strong>cognitione,</strong></span> 
     </span>
     <span class='ocr_line' id='line_1_18' title="bbox 225 1434 739 1503; baseline -0.002 -18"><span class='ocrx_word' id='word_1_103' title='bbox 225 1435 313 1485; x_wconf 84' lang='lat' dir='ltr'><strong>Verbis</strong></span> <span class='ocrx_word' id='word_1_104' title='bbox 329 1446 438 1495; x_wconf 92' lang='lat' dir='ltr'><strong>ornatus,</strong></span> <span class='ocrx_word' id='word_1_105' title='bbox 455 1435 565 1484; x_wconf 88' lang='lat' dir='ltr'><strong>moribus</strong></span> <span class='ocrx_word' id='word_1_106' title='bbox 582 1447 606 1484; x_wconf 89' lang='lat' dir='ltr'><strong>et</strong></span> <span class='ocrx_word' id='word_1_107' title='bbox 621 1434 739 1503; x_wconf 88' lang='lat' dir='ltr'><strong>placidus,</strong></span> 
     </span>
     <span class='ocr_line' id='line_1_19' title="bbox 177 1506 855 1573; baseline 0 -18"><span class='ocrx_word' id='word_1_108' title='bbox 177 1506 291 1555; x_wconf 86' lang='lat' dir='ltr'><strong>Consulis</strong></span> <span class='ocrx_word' id='word_1_109' title='bbox 307 1507 439 1573; x_wconf 89' lang='lat' dir='ltr'><strong>imperium</strong></span> <span class='ocrx_word' id='word_1_110' title='bbox 454 1507 556 1573; x_wconf 88' lang='lat' dir='ltr'><strong>Figulus</strong></span> <span class='ocrx_word' id='word_1_111' title='bbox 573 1506 603 1556; x_wconf 92' lang='lat' dir='ltr'><strong>de</strong></span> <span class='ocrx_word' id='word_1_112' title='bbox 619 1523 688 1555; x_wconf 88' lang='lat' dir='ltr'><strong>more</strong></span> <span class='ocrx_word' id='word_1_113' title='bbox 703 1522 747 1573; x_wconf 82' lang='lat' dir='ltr'><strong>per</strong></span> <span class='ocrx_word' id='word_1_114' title='bbox 762 1523 855 1556; x_wconf 90' lang='lat' dir='ltr'><strong>annum</strong></span> 
     </span>
     <span class='ocr_line' id='line_1_20' title="bbox 226 1578 950 1644; baseline -0.001 -17"><span class='ocrx_word' id='word_1_115' title='bbox 226 1578 250 1627; x_wconf 88' lang='lat' dir='ltr'><strong>A</strong></span> <span class='ocrx_word' id='word_1_116' title='bbox 264 1579 360 1644; x_wconf 89' lang='lat' dir='ltr'><strong>populo</strong></span> <span class='ocrx_word' id='word_1_117' title='bbox 375 1579 458 1643; x_wconf 90' lang='lat' dir='ltr'><strong>peciit,</strong></span> <span class='ocrx_word' id='word_1_118' title='bbox 475 1595 520 1627; x_wconf 90' lang='lat' dir='ltr'><strong>nec</strong></span> <span class='ocrx_word' id='word_1_119' title='bbox 536 1590 617 1627; x_wconf 88' lang='lat' dir='ltr'><strong>tamen</strong></span> <span class='ocrx_word' id='word_1_120' title='bbox 632 1578 749 1637; x_wconf 88' lang='lat' dir='ltr'><strong>obtinuit,</strong></span> <span class='ocrx_word' id='word_1_121' title='bbox 948 1637 950 1639; x_wconf 21' lang='grc' dir='ltr'>Ι</span> 
     </span>
     <span class='ocr_line' id='line_1_21' title="bbox 178 1649 923 1716; baseline -0.003 -19"><span class='ocrx_word' id='word_1_122' title='bbox 178 1649 234 1698; x_wconf 90' lang='lat' dir='ltr'><strong>Hoc</strong></span> <span class='ocrx_word' id='word_1_123' title='bbox 248 1661 318 1715; x_wconf 90' lang='lat' dir='ltr'><strong>pater</strong></span> <span class='ocrx_word' id='word_1_124' title='bbox 332 1650 409 1715; x_wconf 91' lang='lat' dir='ltr'><strong>ipsius</strong></span> <span class='ocrx_word' id='word_1_125' title='bbox 425 1649 472 1709; x_wconf 91' lang='lat' dir='ltr'><strong>bis,</strong></span> <span class='ocrx_word' id='word_1_126' title='bbox 489 1662 539 1699; x_wconf 89' lang='lat' dir='ltr'><strong>erat</strong></span> <span class='ocrx_word' id='word_1_127' title='bbox 554 1650 593 1699; x_wconf 89' lang='lat' dir='ltr'><strong>vir</strong></span> <span class='ocrx_word' id='word_1_128' title='bbox 608 1649 688 1709; x_wconf 79' lang='lat' dir='ltr'><strong>fortiS,</strong></span> <span class='ocrx_word' id='word_1_129' title='bbox 704 1650 815 1716; x_wconf 89' lang='lat' dir='ltr'><strong>adeptus,</strong></span> <span class='ocrx_word' id='word_1_130' title='bbox 893 1674 923 1705; x_wconf 85' lang='lat'><strong>105</strong></span> 
     </span>
     <span class='ocr_line' id='line_1_22' title="bbox 226 1719 733 1787; baseline -0.002 -17"><span class='ocrx_word' id='word_1_131' title='bbox 226 1719 320 1770; x_wconf 89' lang='lat' dir='ltr'><strong>Mestus</strong></span> <span class='ocrx_word' id='word_1_132' title='bbox 337 1720 440 1770; x_wconf 86' lang='lat' dir='ltr'><strong>discedit</strong></span> <span class='ocrx_word' id='word_1_133' title='bbox 457 1738 530 1787; x_wconf 89' lang='lat' dir='ltr'><strong>seque</strong></span> <span class='ocrx_word' id='word_1_134' title='bbox 546 1721 615 1770; x_wconf 91' lang='lat' dir='ltr'><strong>domi</strong></span> <span class='ocrx_word' id='word_1_135' title='bbox 631 1721 717 1787; x_wconf 87' lang='lat' dir='ltr'><strong>recipit</strong></span> <span class='ocrx_word' id='word_1_136' title='bbox 726 1740 733 1780; x_wconf 94' lang='lat'>;</span> 
     </span>
     <span class='ocr_line' id='line_1_23' title="bbox 177 1792 804 1852; baseline 0 -12"><span class='ocrx_word' id='word_1_137' title='bbox 177 1792 276 1841; x_wconf 87' lang='lat' dir='ltr'><strong>Postera</strong></span> <span class='ocrx_word' id='word_1_138' title='bbox 290 1793 334 1841; x_wconf 86' lang='lat' dir='ltr'><strong>lux</strong></span> <span class='ocrx_word' id='word_1_139' title='bbox 349 1793 438 1852; x_wconf 88' lang='lat' dir='ltr'><strong>aderat,</strong></span> <span class='ocrx_word' id='word_1_140' title='bbox 455 1794 521 1842; x_wconf 87' lang='lat' dir='ltr'><strong>cives</strong></span> <span class='ocrx_word' id='word_1_141' title='bbox 537 1805 565 1841; x_wconf 93' lang='lat' dir='ltr'><strong>ut</strong></span> <span class='ocrx_word' id='word_1_142' title='bbox 580 1793 693 1842; x_wconf 90' lang='lat' dir='ltr'><strong>consulat</strong></span> <span class='ocrx_word' id='word_1_143' title='bbox 708 1793 804 1851; x_wconf 88' lang='lat' dir='ltr'><strong>adsunt,</strong></span> 
     </span>
     <span class='ocr_line' id='line_1_24' title="bbox 225 1863 681 1914; baseline 0.002 -2"><span class='ocrx_word' id='word_1_144' title='bbox 225 1863 269 1912; x_wconf 87' lang='lat' dir='ltr'><strong>Ille</strong></span> <span class='ocrx_word' id='word_1_145' title='bbox 284 1864 378 1913; x_wconf 89' lang='lat' dir='ltr'><strong>remisit</strong></span> <span class='ocrx_word' id='word_1_146' title='bbox 393 1881 436 1913; x_wconf 90' lang='lat' dir='ltr'><strong>eos</strong></span> <span class='ocrx_word' id='word_1_147' title='bbox 452 1865 557 1914; x_wconf 90' lang='lat' dir='ltr'><strong>consilio</strong></span> <span class='ocrx_word' id='word_1_148' title='bbox 573 1881 681 1913; x_wconf 90' lang='lat' dir='ltr'><strong>vacuos:</strong></span> 
     </span>
     <span class='ocr_line' id='line_1_25' title="bbox 179 1935 890 2003; baseline 0.003 -21"><span class='ocrx_word' id='word_1_149' title='bbox 179 1951 193 1982; x_wconf 89' lang='lat'>«</span> <span class='ocrx_word' id='word_1_150' title='bbox 202 1935 304 1984; x_wconf 90' lang='lat' dir='ltr'><strong>Consuli</strong></span> <span class='ocrx_word' id='word_1_151' title='bbox 312 1953 335 1995; x_wconf 88' lang='lat'><strong>»,</strong></span> <span class='ocrx_word' id='word_1_152' title='bbox 347 1936 388 1994; x_wconf 89' lang='lat' dir='ltr'><strong>ait,</strong></span> <span class='ocrx_word' id='word_1_153' title='bbox 401 1936 508 1996; x_wconf 83' lang='lat' dir='ltr'><strong>«vultis,</strong></span> <span class='ocrx_word' id='word_1_154' title='bbox 521 1937 645 2003; x_wconf 87' lang='lat' dir='ltr'><strong>sprevistis</strong></span> <span class='ocrx_word' id='word_1_155' title='bbox 656 1935 784 1984; x_wconf 89' lang='lat' dir='ltr'><strong>consulem</strong></span> <span class='ocrx_word' id='word_1_156' title='bbox 794 1935 890 1994; x_wconf 87' lang='lat' dir='ltr'><strong>habere,</strong></span> 
     </span>
     <span class='ocr_line' id='line_1_26' title="bbox 227 2007 927 2072; baseline 0 -18"><span class='ocrx_word' id='word_1_157' title='bbox 227 2007 350 2069; x_wconf 87' lang='lat' dir='ltr'><strong>Quaerite,</strong></span> <span class='ocrx_word' id='word_1_158' title='bbox 367 2008 410 2072; x_wconf 90' lang='lat' dir='ltr'><strong>qui</strong></span> <span class='ocrx_word' id='word_1_159' title='bbox 426 2007 498 2057; x_wconf 84' lang='lat' dir='ltr'><strong>vobis</strong></span> <span class='ocrx_word' id='word_1_160' title='bbox 515 2008 634 2067; x_wconf 89' lang='lat' dir='ltr'><strong>consulat,</strong></span> <span class='ocrx_word' id='word_1_161' title='bbox 650 2008 783 2056; x_wconf 87' lang='lat' dir='ltr'><strong>ulterius».</strong></span> <span class='ocrx_word' id='word_1_162' title='bbox 894 2032 927 2055; x_wconf 88' lang='lat'><strong>110</strong></span> 
     </span>
     <span class='ocr_line' id='line_1_27' title="bbox 178 2078 660 2143; baseline -0.002 -16"><span class='ocrx_word' id='word_1_163' title='bbox 178 2079 296 2143; x_wconf 91' lang='lat' dir='ltr'><strong>Progenie</strong></span> <span class='ocrx_word' id='word_1_164' title='bbox 312 2079 363 2127; x_wconf 87' lang='lat' dir='ltr'><strong>nati</strong></span> <span class='ocrx_word' id='word_1_165' title='bbox 378 2079 479 2127; x_wconf 87' lang='lat' dir='ltr'><strong>iuvenes</strong></span> <span class='ocrx_word' id='word_1_166' title='bbox 495 2079 526 2128; x_wconf 91' lang='lat' dir='ltr'><strong>de</strong></span> <span class='ocrx_word' id='word_1_167' title='bbox 542 2078 660 2127; x_wconf 92' lang='lat' dir='ltr'><strong>nobiliori</strong></span> 
     </span>
     <span class='ocr_line' id='line_1_28' title="bbox 225 2150 704 2216; baseline 0 -18"><span class='ocrx_word' id='word_1_168' title='bbox 225 2150 330 2215; x_wconf 74' lang='lat' dir='ltr'><strong>indigne</strong></span> <span class='ocrx_word' id='word_1_169' title='bbox 345 2150 417 2216; x_wconf 82' lang='lat' dir='ltr'><strong>vulgi</strong></span> <span class='ocrx_word' id='word_1_170' title='bbox 432 2150 531 2199; x_wconf 90' lang='lat' dir='ltr'><strong>mobilis</strong></span> <span class='ocrx_word' id='word_1_171' title='bbox 547 2162 600 2198; x_wconf 87' lang='lat' dir='ltr'><strong>acta</strong></span> <span class='ocrx_word' id='word_1_172' title='bbox 614 2150 704 2209; x_wconf 84' lang='lat' dir='ltr'><strong>ferunt,</strong></span> 
     </span>
     <span class='ocr_line' id='line_1_29' title="bbox 179 2221 728 2288; baseline -0.002 -18"><span class='ocrx_word' id='word_1_173' title='bbox 179 2221 300 2270; x_wconf 87' lang='lat' dir='ltr'><strong>Ulteriore</strong></span> <span class='ocrx_word' id='word_1_174' title='bbox 316 2221 373 2270; x_wconf 92' lang='lat' dir='ltr'><strong>loco</strong></span> <span class='ocrx_word' id='word_1_175' title='bbox 388 2233 527 2287; x_wconf 87' lang='lat' dir='ltr'><strong>praeturam</strong></span> <span class='ocrx_word' id='word_1_176' title='bbox 543 2222 644 2288; x_wconf 88' lang='lat' dir='ltr'><strong>suscipit</strong></span> <span class='ocrx_word' id='word_1_177' title='bbox 660 2233 728 2270; x_wconf 90' lang='lat' dir='ltr'><strong>ortus</strong></span> 
     </span>
     <span class='ocr_line' id='line_1_30' title="bbox 227 2291 846 2359; baseline 0 -19"><span class='ocrx_word' id='word_1_178' title='bbox 227 2292 304 2355; x_wconf 91' lang='lat' dir='ltr'><strong>Quod</strong></span> <span class='ocrx_word' id='word_1_179' title='bbox 320 2292 417 2353; x_wconf 88' lang='lat' dir='ltr'><strong>Fabius,</strong></span> <span class='ocrx_word' id='word_1_180' title='bbox 434 2293 532 2359; x_wconf 90' lang='lat' dir='ltr'><strong>rapiunt</strong></span> <span class='ocrx_word' id='word_1_181' title='bbox 547 2293 605 2341; x_wconf 89' lang='lat' dir='ltr'><strong>hinc</strong></span> <span class='ocrx_word' id='word_1_182' title='bbox 620 2293 705 2342; x_wconf 84' lang='lat' dir='ltr'><strong>faleras</strong></span> <span class='ocrx_word' id='word_1_183' title='bbox 723 2291 753 2341; x_wconf 92' lang='lat' dir='ltr'><strong>ab</strong></span> <span class='ocrx_word' id='word_1_184' title='bbox 769 2293 846 2359; x_wconf 89' lang='lat' dir='ltr'><strong>equis,</strong></span> 
     </span>
     <span class='ocr_line' id='line_1_31' title="bbox 180 2364 926 2430; baseline 0 -17"><span class='ocrx_word' id='word_1_185' title='bbox 180 2364 203 2414; x_wconf 77' lang='lat' dir='ltr'><strong>A</strong></span> <span class='ocrx_word' id='word_1_186' title='bbox 218 2364 302 2430; x_wconf 88' lang='lat' dir='ltr'><strong>digitis</strong></span> <span class='ocrx_word' id='word_1_187' title='bbox 318 2380 407 2413; x_wconf 91' lang='lat' dir='ltr'><strong>aurum</strong></span> <span class='ocrx_word' id='word_1_188' title='bbox 421 2365 517 2413; x_wconf 90' lang='lat' dir='ltr'><strong>cultum</strong></span> <span class='ocrx_word' id='word_1_189' title='bbox 532 2376 660 2413; x_wconf 86' lang='lat' dir='ltr'><strong>removent</strong></span> <span class='ocrx_word' id='word_1_190' title='bbox 675 2365 819 2429; x_wconf 88' lang='lat' dir='ltr'><strong>pretiosum,</strong></span> <span class='ocrx_word' id='word_1_191' title='bbox 896 2391 926 2421; x_wconf 64' lang='grc' dir='ltr'><strong>ιη</strong></span> 
     </span>
     <span class='ocr_line' id='line_1_32' title="bbox 227 2436 749 2502; baseline -0.004 -17"><span class='ocrx_word' id='word_1_192' title='bbox 227 2436 370 2502; x_wconf 88' lang='lat' dir='ltr'><strong>Praecipitat</strong></span> <span class='ocrx_word' id='word_1_193' title='bbox 386 2436 494 2485; x_wconf 91' lang='lat' dir='ltr'><strong>tumidos</strong></span> <span class='ocrx_word' id='word_1_194' title='bbox 511 2436 545 2484; x_wconf 92' lang='lat' dir='ltr'><strong>ira</strong></span> <span class='ocrx_word' id='word_1_195' title='bbox 561 2436 632 2484; x_wconf 81' lang='lat' dir='ltr'><strong>ferox</strong></span> <span class='ocrx_word' id='word_1_196' title='bbox 646 2437 749 2484; x_wconf 87' lang='lat' dir='ltr'><strong>animos.</strong></span> 
     </span>
     <span class='ocr_line' id='line_1_33' title="bbox 180 2507 760 2573; baseline -0.002 -17"><span class='ocrx_word' id='word_1_197' title='bbox 180 2508 257 2557; x_wconf 86' lang='lat' dir='ltr'><strong>Victis</strong></span> <span class='ocrx_word' id='word_1_198' title='bbox 275 2507 404 2573; x_wconf 88' lang='lat' dir='ltr'><strong>Campanis</strong></span> <span class='ocrx_word' id='word_1_199' title='bbox 421 2507 559 2573; x_wconf 89' lang='lat' dir='ltr'><strong>Torquatus</strong></span> <span class='ocrx_word' id='word_1_200' title='bbox 576 2524 652 2556; x_wconf 89' lang='lat' dir='ltr'><strong>necne</strong></span> <span class='ocrx_word' id='word_1_201' title='bbox 669 2507 760 2556; x_wconf 89' lang='lat' dir='ltr'><strong>Latinis</strong></span> 
     </span>
     <span class='ocr_line' id='line_1_34' title="bbox 228 2578 816 2645; baseline -0.003 -17"><span class='ocrx_word' id='word_1_202' title='bbox 228 2578 321 2628; x_wconf 93' lang='lat' dir='ltr'><strong>Urbem</strong></span> <span class='ocrx_word' id='word_1_203' title='bbox 337 2595 395 2627; x_wconf 90' lang='lat' dir='ltr'><strong>cum</strong></span> <span class='ocrx_word' id='word_1_204' title='bbox 410 2580 506 2645; x_wconf 87' lang='lat' dir='ltr'><strong>magnis</strong></span> <span class='ocrx_word' id='word_1_205' title='bbox 522 2578 647 2645; x_wconf 89' lang='lat' dir='ltr'><strong>plausibus</strong></span> <span class='ocrx_word' id='word_1_206' title='bbox 664 2578 816 2644; x_wconf 89' lang='lat' dir='ltr'><strong>ingreditur;</strong></span> 
     </span>
    </p>
   </div>
   <div class='ocr_carea' id='block_1_3' title="bbox 110 2694 894 2793">
    <p class='ocr_par' dir='ltr' id='par_1_3' title="bbox 110 2694 894 2793">
     <span class='ocr_line' id='line_1_35' title="bbox 110 2694 894 2780; baseline -0.004 -48"><span class='ocrx_word' id='word_1_207' title='bbox 110 2745 131 2780; x_wconf 77' lang='lat' dir='ltr'><em>M</em></span> <span class='ocrx_word' id='word_1_208' title='bbox 143 2707 165 2742; x_wconf 82' lang='lat'><strong>94</strong></span> <span class='ocrx_word' id='word_1_209' title='bbox 175 2697 264 2732; x_wconf 84' lang='lat' dir='ltr'><strong>comitam.</strong></span> <span class='ocrx_word' id='word_1_210' title='bbox 313 2707 334 2741; x_wconf 85' lang='lat'><strong>97</strong></span> <span class='ocrx_word' id='word_1_211' title='bbox 347 2697 396 2731; x_wconf 87' lang='lat' dir='ltr'><strong>victo</strong></span> <span class='ocrx_word' id='word_1_212' title='bbox 409 2698 425 2731; x_wconf 81' lang='lat' dir='ltr'><strong>in</strong></span> <span class='ocrx_word' id='word_1_213' title='bbox 437 2707 477 2740; x_wconf 64' lang='lat' dir='ltr'><strong>ras„</strong></span> <span class='ocrx_word' id='word_1_214' title='bbox 491 2698 519 2731; x_wconf 72' lang='lat' dir='ltr'><strong>alx</strong></span> <span class='ocrx_word' id='word_1_215' title='bbox 531 2697 562 2740; x_wconf 81' lang='lat' dir='ltr'><strong>lagi</strong></span> <span class='ocrx_word' id='word_1_216' title='bbox 570 2702 629 2742; x_wconf 80' lang='lat' dir='ltr'><strong>potest.</strong></span> <span class='ocrx_word' id='word_1_217' title='bbox 679 2707 710 2738; x_wconf 85' lang='lat'><strong>114</strong></span> <span class='ocrx_word' id='word_1_218' title='bbox 723 2694 791 2731; x_wconf 87' lang='lat' dir='ltr'><strong>Flavius</strong></span> <span class='ocrx_word' id='word_1_219' title='bbox 804 2698 821 2730; x_wconf 83' lang='lat' dir='ltr'><strong>in</strong></span> <span class='ocrx_word' id='word_1_220' title='bbox 837 2696 894 2730; x_wconf 78' lang='lat' dir='ltr'><strong>Valar.</strong></span> 
     </span>
     <span class='ocr_line' id='line_1_36' title="bbox 130 2756 572 2793; baseline -0.005 -14"><span class='ocrx_word' id='word_1_221' title='bbox 130 2757 165 2793; x_wconf 63' lang='lat' dir='ltr'><strong>aa„</strong></span> <span class='ocrx_word' id='word_1_222' title='bbox 176 2756 203 2786; x_wconf 84' lang='lat' dir='ltr'><strong>1x‚</strong></span> <span class='ocrx_word' id='word_1_223' title='bbox 215 2756 231 2791; x_wconf 74' lang='lat'><strong>3,</strong></span> <span class='ocrx_word' id='word_1_224' title='bbox 244 2757 258 2788; x_wconf 79' lang='lat'><strong>3.</strong></span> <span class='ocrx_word' id='word_1_225' title='bbox 570 2757 572 2761; x_wconf 64' lang='grc'>’</span> 
     </span>
    </p>
   </div>
   <div class='ocr_carea' id='block_1_4' title="bbox 0 0 1043 3216">
    <p class='ocr_par' dir='ltr' id='par_1_4' title="bbox 0 0 1043 3216">
     <span class='ocr_line' id='line_1_37' title="bbox 0 0 1043 3216; baseline 0 0"><span class='ocrx_word' id='word_1_226' title='bbox 0 0 1043 3216; x_wconf 95' lang='lat' dir='ltr'><strong> </strong></span> 
     </span>
    </p>
   </div>
  </div>
 </body>
</html>
