2068 3216
228 167 279 212 422

420 238 554 272 urruncunn
570 237 588 271 s.
606 236 743 271 auuaurcrr

278 367 348 429 Quos
365 366 466 432 quidam
481 367 550 432 virga
566 364 680 414 reiciebat
696 381 773 430 aqua;
808 381 809 385 ’
832 367 834 369 ’
853 382 856 386 ’
883 384 884 387 ’

229 438 307 487 Pisces
324 435 458 504 signantur,
474 454 532 486 cum
547 434 731 486 retibus'amnis
747 438 835 499 aditur,

277 510 465 575 Extrahiturque
481 507 562 575 gregis
578 509 649 575 copia
665 508 799 575 scamigeri.

228 580 320 630 Clodus
337 594 387 630 erat
403 581 503 647 quidam
519 581 563 646 qui
579 598 631 629 non
646 581 774 630 incesserat
789 598 914 647 umquam,

277 650 385 719 Repebat
400 654 487 720 pocius
505 652 547 701 sed
563 669 607 719 per
623 653 726 702 humum
742 653 853 718 genibus,
887 673 889 684 ³

228 725 257 773 In
272 725 393 789 probitate
410 742 451 773 sua
468 724 553 790 recipit
568 724 673 789 vestigia
688 723 765 783 firma,

276 795 387 845 Excubat
403 796 428 845 in
444 797 537 862 templo
554 808 664 862 ternpore
679 813 731 844 non
747 796 855 846 modico.
916 794 917 797 ’

226 867 334 916 Alterius
349 865 424 935 partis
441 868 501 918 dum
515 868 621 935 plurima
637 884 737 916 munera
753 866 832 917 sumis

275 940 371 988 Frustra
387 939 519 1005 decipulas,
537 938 690 998 Theudoine,
706 956 783 1007 paras,

226 1011 323 1059 Moliris
339 1010 444 1062 famulos
460 1007 554 1060 auferre
568 1011 632 1076 patri
648 1011 705 1076 quia
720 1012 820 1070 multoS,

274 1083 414 1132 Visceribus
431 1083 508 1149 ruptis
524 1084 604 1149 lapsus
621 1099 685 1149 equo
702 1083 811 1132 moreris.
829 1083 830 1086 ’

226 1153 330 1203 Munere
346 1168 475 1221 corruptus
490 1155 617 1220 pervertis
634 1154 718 1214 bestia,
735 1170 778 1203 cur
794 1156 831 1204 ius
847 1155 858 1203 ?

276 1226 371 1291 Lingua
387 1227 504 1286 multaris,
520 1238 606 1292 postea
622 1242 695 1292 quam
711 1227 804 1292 recipis,

228 1297 275 1346 Sed
288 1298 363 1363 patris
377 1298 442 1347 haud
455 1298 550 1365 profers
566 1295 658 1348 nomen
671 1297 799 1363 praedulce
813 1298 934 1365 deinceps,

275 1370 341 1435 Lege
357 1370 419 1437 rapis
435 1369 495 1419 falsa
510 1370 551 1419 cui
567 1386 609 1418 sua
625 1370 752 1436 mancipia.

227 1441 335 1490 Funibus
350 1442 455 1491 armillas
471 1449 642 1508 campanarum
657 1442 768 1508 religatas

274 1512 410 1579 Asportant
424 1512 499 1572 fures,
515 1513 675 1578 aedituusque
690 1513 775 1572 dolct;

226 1584 357 1634 Luctificus
374 1585 444 1634 dictis
460 1597 554 1651 patrem
569 1582 700 1650 compellat
715 1585 809 1644 amaris,

275 1658 329 1705 Hos
345 1656 431 1706 famuli
446 1657 545 1722 capiunt
561 1657 621 1706 dum
636 1656 729 1705 facinus
746 1668 865 1722 repetunt.

226 1727 373 1777 Armentum
388 1729 462 1794 patris
479 1746 569 1777 cuneus
586 1728 703 1777 subtraxit
719 1729 845 1794 equestris,

275 1799 353 1849 Unius
370 1800 462 1855 exiliis
479 1800 521 1849 sed
536 1816 622 1849 manus
638 1800 756 1866 obriguit,

225 1870 321 1920 Nititur
336 1883 363 1920 ut
379 1887 483 1921 crassam
498 1888 615 1921 mucrone
630 1871 703 1920 ferire
718 1872 862 1921 iuvencam:

274 1943 353 1991 Orant
369 1943 540 2009 dumreliqui,
557 1942 667 1992 redditur
681 1943 722 1991 illa
739 1943 792 1992 sibi.

225 2014 321 2063 Debilis
337 2015 432 2064 incessu
444 2031 537 2081 parvus
553 2031 615 2081 puer
628 2033 643 2063 a
658 2026 726 2080 patre
741 2015 825 2074 fertur,

274 2086 398 2135 Herebant
413 2087 456 2135 tali
471 2088 512 2136 cui
527 2086 623 2136 natibus
640 2086 745 2136 modici:
895 2088 898 2092 ’

226 2157 366 2224 Coeperunt
381 2158 455 2224 rigidi
472 2152 522 2208 sese
539 2158 675 2208 distendere
691 2158 769 2217 nervi,

274 2230 339 2278 Hinc
356 2245 438 2296 sospes
454 2231 543 2296 plantis
559 2231 669 2279 constitit
684 2231 710 2278 in
725 2228 819 2279 validis.

225 2300 359 2350 Daemonis
375 2301 473 2351 insidias
489 2314 604 2368 properat
620 2317 747 2369 perpessus
763 2302 866 2366 iniquas,

273 2374 326 2422 Nec
342 2373 405 2438 regit
421 2373 486 2422 hunc
502 2390 570 2422 casus
587 2374 629 2422 sed
645 2390 701 2422 reor
716 2386 743 2422 ut
759 2374 890 2433 Dominus,

226 2443 348 2492 Obsessor
363 2461 455 2493 nomen
471 2444 517 2493 sibi
533 2445 664 2512 respondet
680 2444 833 2511 Legionem,

274 2516 324 2578 Qui
341 2517 404 2581 petit
419 2516 552 2565 horrendas
568 2516 696 2582 aufugiens
713 2517 830 2565 tenebras

224 2586 295 2635 Alter
310 2587 441 2636 daemonio
456 2588 543 2653 plenus
560 2588 689 2637 deducitur
704 2600 764 2647 arm,

187 2707 218 2747 338
231 2704 404 2749 (quidam)....(virga)
415 2717 447 2740 ras.
481 2705 576 2748 deiciebat)
585 2708 601 2740 in
610 2717 642 2741 ras.
715 2710 745 2750 348
755 2706 810 2750 ruptis
819 2708 835 2740 in
844 2717 877 2741 ras.
887 2712 902 2741 et
910 2706 932 2742 al.

150 2762 199 2793 man„
209 2763 217 2785 s
227 2758 305 2795 suprascr.
332 2752 363 2797 3⁶7
375 2752 468 2788 obsessor:
480 2765 488 2787 s
497 2760 575 2798 suprascr.
614 2753 644 2798 368
654 2753 760 2789 horrendas:
770 2754 869 2798 hsupram.
