2068 3216
455 205 574 256 aarsruaa
599 190 647 238 VII

194 336 223 384 ln
234 338 313 402 'quem
328 335 453 384 vibratum
467 334 534 382 lento
551 334 680 389 conamine
695 334 774 383 telum

242 407 369 457 Contorsit
384 406 494 472 Figulus,
511 405 607 455 Marsus
624 416 674 453 erat
690 422 787 472 genere,

195 479 271 542 Quod
286 479 367 546 clipeo
382 478 459 529 fixum
473 478 562 526 loricae
577 488 642 527 texta
657 477 743 526 trilicis

242 552 364 616 Rumpere
380 550 485 599 declinat
500 549 601 599 vulnera
617 548 684 597 nulla
699 549 787 598 ferens.

193 622 227 671 At
243 622 293 671 dux
308 622 422 677 avulsum
437 620 527 688 triplici
543 621 573 670 de
589 621 698 686 tegmine
712 621 806 670 ferrum

242 693 335 743 Pernici
350 694 414 743 iactu
430 693 506 742 mittit
521 693 587 742 idem
602 693 700 758 Figulo,

194 765 298 815 Traiecit
313 765 382 814 cuius
398 765 478 814 laetali
493 765 594 814 vulnere
609 764 703 830 pectus,

242 839 321 886 Partes
337 838 426 886 loricae
442 835 514 884 scidit
530 849 554 886 et
569 836 713 896 alterutras;

193 908 293 957 Labitur
308 908 393 957 infelix
408 908 489 957 uomit
504 921 529 957 et
544 925 602 957 cum
617 909 736 974 sanguine
751 909 837 968 vitam,

241 981 297 1029 Hoc
312 979 379 1040 felix,
396 980 453 1046 quia
468 980 507 1035 vir
523 991 603 1028 tantus
620 997 677 1028 eum
691 980 798 1047 perimit.

193 1053 272 1101 Heros
289 1052 416 1118 belligeras
432 1067 574 1119 percurrens
590 1051 647 1100 inde
662 1050 779 1118 falangas,

241 1123 344 1173 Obvius·
356 1135 392 1173 est
408 1125 475 1172 Varo
491 1123 531 1172 cui
548 1124 610 1190 rapit
627 1140 683 1172 ense
699 1135 780 1190 caput,

193 1194 285 1244 Obruit
301 1207 324 1245 et
340 1207 441 1244 torvum
457 1195 551 1244 sublata
566 1211 627 1262 rupe
644 1195 775 1255 Sabellum,

242 1267 324 1329 Quam
339 1268 382 1316 vix
397 1267 533 1315 movissent
549 1266 586 1315 bis
602 1267 660 1332 iuga
676 1267 734 1316 bina
749 1267 845 1326 boum;

193 1337 289 1402 Spicula
305 1339 365 1387 dum
380 1350 451 1387 tenso
467 1336 599 1387 Marcellus
614 1338 699 1404 dirigit
715 1355 780 1398 arcu,

239 1411 352 1459 incautus
368 1411 448 1459 iaculo
464 1409 549 1476 figitur
565 1410 692 1476 Argolico.

193 1480 291 1530 Troilus
307 1494 331 1530 at
347 1482 480 1531 Proculum
494 1481 608 1531 confodit
624 1483 693 1530 humi
709 1482 859 1549 resupinum,

239 1553 322 1618 Argus
339 1555 474 1611 Inacutum
493 1554 616 1621 Sosipater
632 1554 758 1613 Gabium;

192 1624 286 1672 Edebat
302 1636 392 1691 strages
409 1625 547 1675 nullatenus
564 1627 641 1690 Hugo
657 1627 773 1685 minores,

239 1696 284 1745 Per
299 1695 350 1745 fera
366 1696 477 1745 sublimis
493 1698 591 1763 agmina
606 1697 668 1745 latus
685 1714 758 1765 equo,

192 1767 275 1829 Quem
289 1766 618 1835 fundaeilapidemabalearis
634 1769 732 1833 turbine
747 1781 866 1834 torquens
905 1779 938 1822 4⁶5

240 1839 359 1888 Percussit
369 1840 471 1907 ¹Frigius
480 1840 516 1888 tin:
529 1841 623 1907 galeam
634 1841 758 1906 Driopus,

192 1911 304 1959 Excussit
319 1912 404 1960 rutilas
420 1912 489 1960 cuius
506 1912 536 1961 de
552 1912 642 1961 vertice
658 1913 744 1977 pinnas

240 1983 272 2030 Et
286 1982 361 2048 longe
376 1985 487 2050 positum
501 1984 606 2050 perculit
622 1984 765 2043 aureolum3

192 2055 225 2102 Ut
242 2054 290 2113 leo,
307 2071 381 2120 quern
396 2067 460 2104 certa
476 2068 578 2104 venator
594 2056 729 2105 harundine
745 2056 806 2115 fixit,

239 2125 342 2192 Appetit
356 2127 442 2175 ulcisci
457 2127 559 2176 vulnera
574 2128 637 2176 facta
653 2127 707 2187 sibi,

192 2197 230 2245 Sic
245 2197 296 2246 dux
310 2198 427 2247 hostilem
443 2199 494 2246 sitit
510 2200 635 2248 exhaurire
651 2216 771 2259 cruorem,

239 2270 271 2317 Et
286 2270 374 2334 procul
389 2265 507 2319 infestum
522 2272 647 2319 contuitus
663 2272 797 2337 Driopum,

190 2340 324 2405 Populeam
338 2342 395 2390 iacit
411 2342 452 2390 ille
467 2342 568 2402 trabem,
585 2342 723 2391 diverberat
738 2358 816 2401 auras

240 2411 287 2461 Sed
302 2413 380 2462 tardat
395 2415 490 2462 iussum
505 2415 578 2463 missa
593 2414 666 2463 ferire
681 2415 780 2463 virum:

190 2483 291 2532 Viderat
307 2486 393 2534 exertis
410 2485 488 2534 telum
501 2485 589 2535 librare
604 2486 698 2534 lacertis
905 2507 938 2540 475

239 2557 347 2604 Heroam
362 2558 473 2623 Driopus
491 2574 564 2623 seque
578 2558 636 2606 loco
652 2557 759 2606 retrahit.

154 2684 186 2715 447
195 2673 266 2716 triplicis
286 2673 336 2716 Ienal.
377 2686 411 2717 454
421 2686 461 2709 eum
472 2682 551 2718 suprascr.
584 2675 616 2719 456
625 2675 746 2718 (esti...(Varo)
756 2686 788 2709 ras.
825 2675 858 2717 464
867 2674 903 2709 fera

119 2722 136 2754 in
147 2732 179 2755 ras.
227 2722 552 2767 472Di1i0pumRDryopumJenal.
599 2723 733 2767 473illaRille
743 2722 793 2766 Jenal.
