2068 3216
332 261 367 294 uu
382 259 591 294 Muuonaamuns
606 246 649 293 ΠΙ.
668 263 682 307 7

151 392 200 439 lste
216 404 301 457 quater
317 406 388 438 senos
404 389 520 454 implebat
536 388 654 456 temporis
671 406 755 449 annos,
889 408 896 442 5

201 460 298 510 Gaudet
313 460 440 527 promissis
455 461 524 526 plebs
541 461 646 510 relevata
662 460 742 510 bonis.

147 532 244 582 Urbem
260 532 320 581 dum
336 531 436 581 Badiam
452 533 536 599 cingit,
554 532 681 581 sustollere
697 533 781 582 sellam

201 605 256 667 Qua
273 603 340 653 sedet
355 604 416 653 urbe
432 604 503 653 sitam
519 603 617 652 mandat
633 604 659 651 in
674 603 827 662 aediculam;

151 676 254 724 Ponitur
269 676 327 724 haec
342 676 432 742 pignus
450 676 514 743 quia,
530 687 628 741 postera
643 674 739 725 fulserit
754 686 782 725 ut
798 675 847 734 lux,

200 747 266 796 Urbe
281 747 375 814 potitus
392 764 422 796 eo
438 747 529 796 iudicat
545 748 597 813 ipse
612 748 685 797 loco:
877 768 898 792 ω

150 818 216 868 Urbe
231 819 326 885 potitus
343 836 377 878 ea,
394 818 422 867 fit
438 835 519 878 verus,
535 819 589 867 luce
606 830 702 879 statuta,

198 889 315 938 Tractatis
332 891 389 939 sella
405 890 498 939 iuditiis
514 891 540 938 in
557 908 591 939 ea.

149 961 259 1010 Patribus
275 961 359 1010 invitis
374 979 405 1010 ex
422 962 503 1011 Sicilia
518 962 623 1027 legionis

198 1034 320 1082 Protrahit
336 1034 361 1081 in
377 1034 473 1082 Poenos
490 1033 605 1082 ensiferas
622 1034 692 1083 acies.

151 1106 221 1168 Quos
238 1105 399 1170 speculatores
417 1106 498 1154 castris
516 1105 659 1154 submiserat
675 1104 744 1165 Afer,

200 1177 290 1243 Captos
306 1176 407 1244 perduci
423 1177 540 1243 praecipit
556 1178 608 1243 ipse
624 1175 679 1236 sibi,

150 1249 203 1297 Nec
219 1247 249 1296 de
265 1249 374 1297 consiliis
391 1250 484 1316 quaerit
500 1265 542 1297 seu
558 1248 652 1297 viribus
670 1248 756 1308 hostis,

200 1318 246 1367 Sed
262 1330 382 1368 monstrat
398 1321 491 1385 singlos
508 1320 674 1386 circumagens
691 1336 790 1379 cuneos

150 1390 331 1457 Dapsiliterque
347 1392 406 1440 viris
423 1391 566 1440 animalibus
583 1403 608 1440 et
623 1391 743 1451 recreatis,

199 1462 337 1511 incolomes
354 1463 457 1512 domino
474 1464 550 1512 mittit
567 1480 609 1511 eos
624 1463 744 1529 proprio:

152 1533 272 1582 Contudit
287 1551 375 1584 exosos
391 1534 440 1584 hoc
456 1536 544 1583 mentis
561 1534 650 1583 robore
667 1536 763 1583 Poenos

200 1606 303 1654 Miratus
319 1607 429 1655 animum
443 1607 561 1673 principis
577 1606 726 1671 aegregium.

152 1676 320 1743 Quadraginta
335 1689 415 1744 patres
432 1678 462 1727 ab
479 1695 509 1727 eo
526 1678 638 1726 sestercia
654 1688 781 1745 quaerunt,

200 1747 279 1797 Offert
295 1750 394 1815 expensi
409 1749 526 1816 ponderis
542 1750 584 1798 ille
599 1749 683 1808 libros,

153 1819 219 1868 Hinc
234 1820 374 1886 indignatus
392 1822 509 1887 quoniam
526 1821 556 1870 de
573 1837 598 1869 se
614 1820 747 1881 dubitetur,

201 1892 264 1940 Cum
280 1909 305 1941 se
320 1892 402 1958 legato
420 1909 500 1958 sparsa
516 1893 620 1958 pecunia
636 1893 668 1940 sit
677 1911 684 1952 3

153 1963 294 2012 «Ponderis
311 1965 393 2030 exigui
409 1965 503 2013 ratione
519 1964 684 2029 redarguor»,
701 1963 790 2031 inquit,

202 2036 288 2083 «Ecce
305 2037 374 2102 sequi
389 2036 468 2085 iussus
486 2035 594 2085 consulis
610 2036 749 2102 imperium,

153 2106 204 2168 Qui
220 2106 313 2155 tociens
330 2107 428 2157 millena
444 2107 501 2156 dedi
518 2108 629 2156 sestercia
644 2107 725 2166 vobis,

201 2177 332 2245 Adquisita
348 2179 408 2230 meis
424 2179 530 2228 fortibus
545 2178 673 2245 auspitiis!
688 2214 689 2217 η
754 2224 755 2227 ,
770 2172 771 2176 “

152 2249 237 2298 Airica
252 2261 305 2299 tota
320 2266 377 2300 meo
393 2268 451 2299 cum
467 2251 497 2299 sit
514 2250 621 2299 subiecta
637 2249 729 2309 labore,

201 2323 296 2370 Praeter
312 2338 453 2388 cognomen
468 2323 526 2370 hinc
541 2321 604 2370 mihi
619 2321 655 2369 nil
671 2322 759 2370 retuli!

153 2393 252 2442 Fraudis
269 2405 363 2442 amator
379 2410 429 2453 ero,
445 2394 495 2442 iam
510 2392 627 2442 candidus
644 2410 699 2442 ecce
715 2392 812 2459 capillo,

202 2466 302 2532 lamque
319 2482 394 2514 senex!
406 2465 440 2514 fio
457 2465 565 2514 deterior
579 2479 658 2531 puero
675 2465 686 2513 ?

153 2537 214 2586 Non
229 2536 302 2585 Asiae
317 2535 391 2586 frater
407 2537 481 2602 gazis,
498 2536 651 2602 Carthaginis
668 2536 748 2603 ipse<
816 2562 818 2566 >
882 2557 901 2592 35

119 2690 129 2722 7
141 2678 238 2722 (ba)di(am)
249 2680 266 2712 in
277 2691 309 2713 ras.
321 2678 342 2712 al.
354 2689 395 2712 man.
410 2677 610 2722 (sustollere)...(sellam)
624 2689 657 2712 ras.
707 2689 727 2711 10
741 2683 774 2712 tota
781 2674 822 2712 linia
830 2680 868 2713 min.

84 2726 117 2761 lin.
126 2728 166 2760 inter
175 2738 219 2769 asso,
226 2733 241 2760 et
251 2738 270 2760 11
280 2728 345 2769 sari'pta.
412 2738 432 2760 12
443 2727 522 2769 T(ractat
529 2726 543 2768 s)
555 2727 584 2760 uix
596 2725 628 2769 lagi¹
635 2731 693 2769 potest.
756 2737 773 2769 15
785 2737 842 2771 quos:
860 2737 868 2760 s

84 2782 163 2819 suprascr.
212 2774 232 2808 26
245 2774 351 2817 (pe).(cunia)
363 2785 395 2808 ras.
444 2785 464 2816 27
476 2773 570 2817 ponderis:
582 2773 588 2807 i
599 2780 678 2818 suprascr.
