2068 3216
325 182 359 214 nu
375 182 591 217 Muuounuumus'
599 170 618 217 Ι.
627 186 650 216 ⁴2

136 307 168 354 Et
185 307 261 356 carnis
277 308 368 357 lacerae
386 309 526 359 ceciderunt
542 311 644 360 caelitus.
657 312 727 372 offae,

185 378 297 440 Quarum
312 381 466 446 praepetibus
477 398 532 446 pars
549 381 618 431 cibus
634 384 741 443 alitibus,
883 394 896 429 f.
911 406 918 439 5

135 450 191 497 Pars
208 450 306 500 instrata
316 452 377 500 solo
394 453 467 501 iacuit
483 453 561 502 fetore
577 467 673 504 remoto

185 522 294 587 Aspectu
310 539 382 572 roseo
399 537 510 590 tempore
526 524 569 574 sed
585 526 693 576 modico.

135 594 205 641 Dum
222 611 292 643 sevos
309 610 392 644 rursus
409 608 494 645 movet
510 597 568 645 urbs
585 598 695 647 Romana
711 599 839 657 tumultus,

185 666 248 714 Cum
265 666 329 714 barri
345 683 406 732 puer
422 680 458 716 est
473 669 565 717 uertice
585 681 655 718 natus
671 670 723 728 ibi;

137 735 258 787 Sudarunt
274 738 300 789 in
317 738 398 788 Sicilia
414 739 466 788 duo
482 752 549 789 scuta
565 756 694 800 cruorem;

184 809 277 858 Picenis
294 810 428 860 verinube
444 823 518 860 ruunt
533 811 634 878 lapides,

135 880 157 926 E
173 881 241 929 caelo
258 882 334 948 spicas
351 883 419 932 aiunt
435 883 550 932 cecidisse
566 896 684 943 cruentas,

184 953 305 1002 Plurimus
322 966 346 1002 et
363 954 460 1020 sanguis
477 971 534 1003 cum
549 955 633 1020 pluvia
649 955 744 1014 cecidit,

135 1022 246 1074 Abstulit
261 1026 392 1090 ancipitem
408 1027 438 1075 de
454 1027 543 1092 vagina
559 1027 631 1091 lupus
648 1044 738 1087 ensem,

184 1097 300 1163 Pervigili
317 1098 390 1146 Gallo
407 1115 459 1147 non
475 1099 526 1148 sine
541 1098 675 1164 prodigi03

135 1166 227 1217 Usibus
244 1168 355 1218 humanis
372 1170 484 1219 animalia
499 1171 613 1235 praestita
629 1170 721 1219 cunctis

185 1240 264 1289 Effera
280 1239 414 1307 diffugiunt
429 1242 483 1290 avia
500 1257 610 1309 quaeque
625 1254 719 1307 petunt.

134 1312 256 1360 Afrorum
272 1312 338 1362 bello
354 1313 400 1361 bos
416 1313 520 1380 protulit
535 1314 580 1362 ista
597 1313 705 1362 secundo

183 1412 216 1419 -
226 1385 310 1433 Gneus
321 1386 408 1434 consul
419 1397 468 1434 erat
480 1415 513 1421 —-
524 1403 538 1432 <t
547 1402 578 1433 en
587 1385 641 1444 tibi,
659 1387 745 1444 Roma,
757 1402 815 1434 cave
825 1403 847 1433 ».

134 1455 284 1504 Annibalem
299 1467 384 1505 contra
400 1457 516 1506 mandans
533 1457 672 1505 convellere
688 1457 757 1522 signa
794 1498 796 1502 ,

183 1527 351 1586 Flamminius,
367 1529 436 1594 lapso
451 1529 623 1594 praecipitatur
639 1544 721 1596 equ03

135 1600 225 1648 Casum
240 1617 300 1648 vero
318 1599 386 1648 ducis
403 1611 513 1648 metuens
530 1600 648 1650 exercitus
665 1600 754 1658 omnis,

184 1672 245 1720 Orat
260 1689 291 1722 ne
307 1683 419 1736 pugnet3
438 1672 530 1736 spernit
546 1682 570 1719 at
585 1671 627 1719 ille
642 1688 743 1738 preces;

134 1742 219 1807 Pugna
236 1743 366 1791 commissa
382 1744 522 1804 ceciderunt
537 1743 636 1809 agmina
651 1755 703 1792 tota
740 1759 741 1762 ’

183 1815 305 1874 Consulis,
321 1814 406 1866 hostili
423 1816 465 1881 qui
481 1813 667 1880 periit‘framea.
699 1856 700 1859 ,

134 1885 215 1934 Vellet
232 1886 360 1935 Mancinus
378 1886 438 1935 dum
453 1888 538 1935 navim
554 1886 667 1934 scandere
683 1885 778 1944 consul,

182 1959 277 2006 Poenos
294 1958 407 2023 auspiciis
424 1957 589 2024 aggrediendo
606 1958 684 2016 malis,
743 1995 745 2003 ,

134 2030 192 2078 Vox
207 2042 277 2078 sonat
292 2029 322 2078 ad
337 2042 439 2095 portum
452 2047 498 2078 nec
512 2029 643 2095 protulerit
658 2028 712 2094 quis
728 2040 847 2093 apertum,

183 2119 197 2147 r<
208 2102 232 2148 O
248 2101 372 2161 Manciae,
387 2119 458 2150 mane
467 2120 498 2150 aa:
516 2102 559 2169 qui
576 2112 683 2149 remanet
699 2101 816 2159 minime;

133 2173 364 2237 Insuperimmanis
381 2172 633 2238 conspectusdelitet
643 2172 746 2237 anguis·

183 2245 276 2292 Consul
292 2261 437 2310 congressus
454 2244 566 2295 hostibus
583 2242 682 2292 interiit.

133 2315 259 2364 Adversus
277 2316 378 2375 Parthos
394 2328 510 2383 properat
519 2318 626 2366 Crassus
638 2315 810 2380 pharetratos:

183 2387 230 2435 Sed
246 2389 286 2435 cui
302 2403 439 2454 purpureus
456 2388 542 2447 debuit
558 2398 599 2435 aut
614 2387 709 2444 niveus,
757 2428 759 2430 .

133 2458 247 2506 Traditur
263 2460 442 2522 ornatus'tristi
458 2460 530 2507 nimis
547 2459 631 2507 omine
646 2458 782 2522 pullusm
809 2500 810 2504 ,

182 2530 214 2577 Et
230 2531 292 2579 circa
309 2531 386 2579 ueteri
402 2544 471 2579 more
487 2531 576 2579 ducem
592 2529 658 2578 soliti
695 2573 697 2577 ,
728 2568 733 2575 ,
758 2548 777 2568 w

133 2601 197 2649 Cum
213 2602 319 2651 clamore
334 2602 397 2662 fero,
414 2618 499 2668 gressu
515 2616 662 2651 concurrere
675 2612 783 2666 promto,

183 2672 256 2722 Tardi
273 2692 315 2723 seu
331 2675 394 2733 muti
408 2690 475 2723 nunc
492 2685 582 2722 coeunt
598 2673 669 2722 cunei
679 2691 694 2735 ;¹
731 2708 741 2720 „
760 2707 762 2710 -
784 2714 786 2717 .
