2068 3216
300 209 334 243 DE
350 208 557 243 MEMORABILIBUS
572 195 615 243 HI.
634 212 647 243 2

121 333 122 337 ¹
167 337 280 387 Victores
296 347 395 385 neutros
411 353 462 385 nox
478 336 571 386 dirimit
586 354 684 387 cuneos.

120 409 229 457 Sannites
245 408 332 457 Fabius
348 408 427 457 vetito
443 408 504 457 dum
519 408 598 457 Marte
613 408 715 469 lacessit,
828 420 842 457 t.
855 424 876 455 ιε

167 479 221 529 Ibat
237 478 403 546 quaerendum
418 480 505 528 consul
521 479 551 529 ad
567 480 716 545 auspitium;

119 550 153 599 At
166 551 229 600 male
242 550 303 600 dum
315 550 402 600 Fabius
416 562 517 617 pugnat,
531 567 648 616 generosa
660 552 782 612 iuventus,

168 624 202 672 Ut
217 622 317 671 viduata
333 624 382 672 suis
398 638 454 671 ursa
468 622 551 671 fremit
567 623 659 683 catulis,

120 695 240 743 Detractis
256 694 330 743 frenis
347 706 370 743 et
386 694 455 761 equis
471 694 602 743 calcaribus
618 696 677 744 actis

113 801 115 805 s
167 766 197 814 ln
212 766 307 815 medios
324 765 406 814 hostes
422 766 487 814 victa
502 766 598 831 pudore
613 768 670 826 ruit,

120 838 215 886 Etiam
230 838 295 886 victa
311 854 368 886 suos
384 838 490 886 victores
507 837 588 886 denuo
604 838 672 898 vicit,

169 910 321 958 conservans
337 909 440 958 Fabium
454 920 539 976 postea
554 909 720 975 magnificum.

119 981 243 1030 Invalidus
260 980 371 1030 manibus
388 981 508 1030 Cannensi
522 982 623 1030 vulnere
639 982 717 1041 miles,

168 1054 238 1101 Dum
253 1052 353 1119 spoliari
369 1070 393 1101 se
409 1052 488 1101 victus
505 1052 535 1100 ab
551 1053 621 1101 hoste
637 1053 712 1112 dolet,
766 1083 767 1086 =

120 1124 246 1174 Cervicem
262 1123 384 1173 Numidae
401 1123 484 1173 cubito
501 1124 641 1190 complexus
657 1136 771 1189 utroque,

168 1196 247 1246 Aures
264 1207 288 1244 et
304 1211 372 1244 nares
389 1195 461 1245 dente
475 1195 529 1244 fero
545 1196 639 1255 lacerat,

121 1267 231 1317 Corrosit
245 1266 330 1316 fatiem
344 1267 445 1316 victoris
462 1266 583 1316 morsibus
599 1283 707 1327 onmem,

169 1342 200 1388 Et
215 1339 310 1388 victore
326 1355 371 1388 suo
387 1338 480 1387 forcior
495 1339 618 1388 occubuit.

121 1410 228 1470 Crassus
244 1410 413 1460 Aristonicum
428 1411 516 1459 missus
533 1426 644 1476 superare
659 1411 790 1469 tirannum,

167 1482 273 1531 incurrit
289 1482 417 1541 Thracum,
434 1482 529 1531 nescius
545 1481 600 1541 heu,
617 1497 730 1540 cuneum,

121 1553 192 1615 Quos
207 1554 233 1602 in
248 1553 397 1621 praesidium
412 1554 562 1602 consciverat
577 1554 618 1602 ille
633 1568 677 1619 per
692 1567 787 1613 aurum,

168 1625 250 1674 Armis
267 1636 361 1685 exutus,
378 1636 461 1691 captus
478 1624 508 1674 ab
524 1624 561 1673 his
577 1624 688 1684 trahitur,

119 1696 154 1745 Aa
170 1698 365 1747 circumventum
379 1696 447 1746 videt
462 1708 490 1745 ut
506 1696 611 1763 ducique
627 1707 747 1756 coactum,

167 1769 273 1818 Asciscit
288 1768 391 1817 celerem
406 1768 456 1817 dux
472 1767 518 1816 sibi
532 1768 677 1834 pernitiem:

120 1841 186 1889 Nam
200 1857 312 1906 pungens
328 1840 430 1893 oculum
445 1840 554 1889 ducentis
571 1857 604 1899 se,
620 1850 701 1905 crepat
716 1838 798 1904 ipsum

168 1913 245 1978 Virga
261 1928 309 1980 qua
325 1912 399 1960 solito
416 1927 485 1959 more
500 1911 598 1976 regebat
614 1927 722 1977 equum3

120 1983 238 2033 Barbarus
254 1983 373 2050 inpatiens
391 2000 449 2031 sevo
465 1982 522 2031 ferit
538 2000 594 2032 ense
610 1983 741 2045 Quiritem,

169 2055 260 2104 Eximit
276 2066 300 2104 et
315 2055 382 2104 duris
399 2054 495 2103 servicii
509 2054 621 2120 laqueis

120 2125 208 2175 Mucro
225 2126 270 2175 tibi
286 2126 381 2186 cecidit,
398 2127 467 2185 Cato,
484 2125 545 2174 dum
559 2137 583 2174 te
598 2136 718 2192 provocat
733 2123 820 2183 hostis,

168 2200 197 2247 In
213 2198 295 2247 medio
312 2197 391 2265 campi
406 2197 526 2263 plurimus
542 2196 620 2246 hostis
635 2196 687 2256 ubi,

120 2269 186 2318 Hinc
201 2281 273 2337 atque
289 2269 346 2318 inde
362 2269 431 2335 globi
447 2268 581 2317 bellantum
596 2284 713 2335 arcusque
729 2266 822 2326 sonori,

169 2341 288 2390 Telorum
302 2340 388 2400 nubes,
405 2340 480 2400 hasta,
497 2339 614 2399 machera,
631 2354 717 2407 pavor,

120 2414 154 2462 At
169 2425 251 2462 tamen
266 2413 318 2478 ipse
333 2412 390 2461 loco
406 2428 458 2460 non
474 2429 498 2460 es
509 2411 619 2460 divulsus
636 2411 666 2460 ab
681 2410 734 2469 illo,

8 2510 48 2533 τωο
167 2486 256 2534 Donec
271 2484 386 2551 inpavida
401 2482 483 2532 fronte
498 2483 600 2532 resumis
617 2499 689 2532 eum:

50 2592 192 2600 --.--.

84 2633 103 2663 81
116 2629 186 2671 sequitur
196 2625 285 2671 mitaphius
296 2627 341 2660 Petri
346 2625 440 2668 Abailara'i,
446 2628 474 2661 xia
480 2636 532 2660 versus
540 2625 562 2660 al.
568 2636 608 2660 man.
617 2625 706 2670 scripti;cs.
715 2625 757 2668 insra
762 2630 781 2669 p.
789 2634 829 2667 447.

50 2688 79 2711 101
93 2674 198 2720 (0),(culum)
209 2686 242 2709 ras.
292 2685 321 2718 103
335 2674 430 2718 (qui)ritem
441 2676 470 2707 aix
480 2673 510 2717 legi
513 2679 571 2717 potest.
621 2685 650 2717 105
659 2673 758 2718 (pto)vocat
770 2675 787 2706 in
796 2684 829 2707 ras.

48 2732 100 2759 vocat
109 2730 188 2767 suprascr.
