2068 3216
836 142 885 190 219

275 215 309 247 DE
322 198 587 247 MsuonnmifflusIX.
605 213 676 246 unos.
688 226 697 233 -
711 198 756 245 IX.
769 213 778 242 1

172 1058 316 1102 EXPLICIT
331 1058 387 1101 VIII
622 1093 623 1096 ,
635 1057 803 1102 PROLOGUS
819 1058 887 1101 VIIII

171 1193 262 1260 Incipe,
280 1191 399 1257 Calliope,
414 1208 467 1239 vox
481 1190 583 1250 othma,
599 1190 664 1239 dicta
680 1191 774 1251 Latine,

221 1263 314 1314 Ultima
329 1261 462 1322 Pieridum
477 1262 568 1330 pollice
584 1262 672 1311 scande
687 1264 810 1312 metrum!

171 1337 221 1386 Dic
236 1335 267 1385 de
282 1334 377 1383 luxuria
392 1333 487 1383 feritare
502 1333 605 1383 libidine
618 1348 689 1401 pure,

221 1408 253 1456 Et
269 1406 310 1455 dic
324 1405 460 1474 perfidiam,
477 1404 518 1454 dic
533 1416 557 1455 et
572 1406 707 1465 avaritiam,

172 1479 221 1529 Dic
236 1478 331 1538 odium,
347 1476 447 1537 fastum,
464 1477 504 1526 dic
525 1477 585 1537 vim,
602 1476 642 1526 dic
658 1476 814 1538 seditionem,
913 1501 919 1532 ς

221 1551 297 1598 Error
313 1549 382 1615 quod
397 1563 488 1615 pravus
504 1549 568 1598 ultio
584 1565 637 1597 non
652 1549 718 1598 bona
734 1550 774 1609 sit,

172 1622 211 1671 De
227 1620 298 1670 dictis
315 1620 435 1688 reprobiS‚
451 1620 482 1669 de
497 1620 567 1669 factis
583 1620 624 1669 dic
640 1621 769 1681 sceleratis,

220 1694 260 1742 De
275 1709 328 1741 non
342 1691 436 1759 plebeis
452 1692 574 1741 mortibus
589 1692 695 1753 Inritula,

172 1765 212 1813 De
227 1763 323 1831 cupidis
339 1764 412 1823 vitae,
428 1764 596 1830 praesumptio
613 1776 703 1830 quanta
719 1763 875 1830 quibusdam,

220 1836 260 1885 De
276 1835 351 1884 sirnili
366 1834 454 1894 forma,
472 1846 576 1901 quantus
593 1847 617 1885 et
632 1835 690 1885 inde
706 1836 796 1885 dolusl
903 1859 924 1882 ιο

172 1988 263 2032 LIBER
278 1989 346 2032 VIIII
441 1987 442 1990 ’
473 1988 516 2032 DE
532 1988 674 2033 LUXURIA
690 1988 731 2032 ET
746 1990 888 2033 LIBIDINE

521 2117 531 2147 1

174 2206 213 2255 Ne
229 2222 272 2254 sua
287 2204 399 2271 Neptuni
414 2204 598 2255 foreterbitrio
613 2206 671 2272 gula
687 2204 775 2266 clausu,

223 2276 320 2342 Sergius
336 2277 442 2326 extruxit
457 2277 510 2344 ipse
526 2277 572 2326 sibi
589 2278 681 2337 maria3

173 2347 284 2397 Molibus
299 2348 416 2398 inmensis
432 2348 556 2415 intercipit
571 2350 685 2415 aequoris
701 2349 787 2409 undas,
842 2379 844 2381 -

222 2420 445 2486 Squamigerosque
461 2436 547 2486 greges
564 2437 658 2470 carcere
673 2420 766 2470 claudit
782 2438 830 2480 e0;

173 2491 248 2540 Nulla
263 2491 329 2540 valet
344 2508 439 2541 mensas
456 2493 507 2541 eius
523 2493 620 2559 privare
635 2492 751 2559 procella,
917 2515 924 2546 5

223 2563 342 2624 Quamvis
359 2563 480 2623 immanis,
496 2563 604 2629 piscibus
621 2565 778 2629 omnigenis3

101 2668 244 2675 -—-—..-.....

136 2729 182 2764 Ptol.
196 2742 203 2773 ᾗ
217 2739 271 2773 pure:
280 2729 359 2764 custodia
367 2736 447 2774 stprascr.
496 2742 507 2773 4
517 2730 546 2764 dic
554 2743 557 2765 :
566 2742 575 2764 c
584 2738 663 2775 suprascr.
672 2730 694 2766 al.
702 2742 743 2765 man.
