2068 3216
95 375 132 409 *54⁰

208 141 256 203 μό
460 230 577 264 muscum
593 216 652 265 VIII

253 356 329 406 Arma
344 357 499 418 ministrabit,
516 359 680 426 subpeditabit
696 376 780 427 equos.

205 428 250 477 Per
267 445 331 477 sacra
346 428 443 479 firmato
460 429 588 479 discedunt
602 432 707 498 pignora
723 443 804 497 pact0,

253 498 331 565 Inque
347 517 405 549 suos
421 500 481 550 fines
497 518 560 550 unus
577 513 600 551 et
616 503 677 552 alter
692 502 750 552 abit.

204 571 293 620 Extitit
308 571 348 620 hic
363 589 440 621 annus
457 589 508 638 quo
522 572 596 639 liquit
610 574 676 623 avita
691 574 827 642 Philippus,

252 642 389 703 Ludovice,
405 643 451 693 tibi
466 661 541 711 regna
557 662 629 694 senex
644 646 736 707 iuveni,

206 714 288 777 Quem
303 731 345 764 rex
361 715 478 765 Galliciae
495 716 611 782 sequitur,
628 716 728 767 Lachesi
743 729 859 767 renuente

253 787 323 836 Ultra
337 803 396 836 nere
412 787 467 848 sibi,
483 804 586 854 magnus
603 800 627 838 et
641 789 694 856 ipse
708 789 764 839 fuit.

205 858 272 907 Haec
287 858 332 907 tibi
348 871 416 925 gesta
432 876 488 908 meo
505 859 595 926 digessi
611 872 730 928 tempore,
747 861 838 922 GualO,

253 930 295 979 Me
311 931 399 980 melius
415 932 494 980 nostri
509 943 609 992 caetera,
625 948 679 981 care
694 932 763 982 mihi.

443 1131 591 1176 EPISTULA
610 1132 666 1176 VIII

382 1227 505 1271 ITERUM
521 1227 566 1272 AD
581 1227 762 1272 BURDONEM
913 1230 987 1276 f·132v

203 1362 238 1411 Ut
253 1362 352 1426 culpam
366 1372 475 1427 tegerem
489 1362 574 1428 posito
590 1362 739 1427 cognomine
754 1363 803 1411 cari

251 1434 369 1482 Vestrum
383 1433 515 1499 postposui
531 1450 576 1482 nec
591 1450 644 1483 mea
660 1435 732 1498 culpa
747 1434 813 1494 latet,

203 1500 237 1554 At
253 1520 309 1555 reor
324 1505 365 1553 hic
379 1505 486 1572 culpam,
502 1505 564 1554 bene
580 1505 600 1554 si
616 1506 754 1565 considero,
770 1505 864 1556 nullam

252 1579 295 1627 Me
310 1576 368 1625 licet
383 1576 505 1625 offensum
519 1577 625 1626 carmine
640 1594 692 1625 non
707 1588 785 1626 taceas

204 1650 305 1714 Quippe
320 1661 364 1697 tuo
381 1649 454 1697 multi
469 1665 526 1697 cum
542 1648 590 1697 sint
605 1666 635 1698 ex
650 1648 751 1698 nomine
766 1648 826 1698 dicti

252 1721 318 1770 Nam
337 1759 341 1769 .
363 1758 369 1769 .
390 1759 395 1769 .
416 1758 422 1769 .
441 1720 518 1769 solius
535 1720 615 1769 dicere
631 1720 782 1769 Guarnerius

204 1792 316 1856 Qualiter
331 1809 345 1840 a
360 1792 640 1859 reliquisssecerniuesc
709 1792 789 1858 possis

253 1863 300 1913 Sed
314 1863 381 1912 forte
396 1880 539 1929 cognomen
553 1880 606 1912 non
620 1874 716 1929 pactare
731 1863 778 1912 tibi

203 1935 288 1984 Forsi,
305 1935 366 1985 dum
381 1934 455 1983 nullis
472 1935 548 1984 elatus
564 1934 701 1984 honoribus
717 1935 763 1983 ires

251 2008 312 2057 Non
327 2006 373 2055 tibi
388 2023 529 2072 cognomen
544 2005 616 2055 futile
632 2007 715 2055 Burdo
730 2005 787 2055 fuit.

204 2080 248 2127 Est
264 2096 315 2144 quo
330 2078 445 2127 fortunae
459 2078 532 2127 favor
547 2078 626 2127 arrisit
642 2077 687 2126 tibi
704 2077 813 2139 blandae,

251 2150 334 2216 Atque
350 2150 394 2199 diu
409 2150 506 2215 pigram
520 2150 633 2217 propulit
648 2151 683 2198 ire
699 2161 786 2209 rotam,

203 2223 237 2272 Ut
252 2237 308 2288 pars
324 2239 372 2271 una
387 2222 482 2289 polum,
498 2236 553 2288 pars
569 2222 642 2270 altera
658 2221 734 2270 adiret
750 2220 857 2270 abissum

253 2294 274 2342 T
294 2332 298 2342 .
320 2332 325 2342 .
346 2332 351 2342 .
371 2332 376 2342 .
393 2293 557 2359 conspicuum
571 2304 675 2359 poneret
691 2310 720 2341 ex
735 2292 822 2341 humili

204 2366 226 2414 T
245 2405 250 2415 .
271 2404 276 2414 .
295 2382 427 2414 commune
441 2382 515 2413 vocas
531 2364 599 2431 quod
614 2365 660 2413 iter
674 2380 726 2412 non
745 2364 793 2413 vile
811 2364 912 2432 putabas

253 2475 258 2485 .
280 2476 285 2486 .
306 2475 311 2485 .
333 2475 338 2485 .
357 2448 382 2485 et
398 2437 516 2504 quicquid
531 2436 649 2504 perspicis
666 2453 718 2484 esse
734 2435 808 2485 breve

202 2509 328 2558 Distentas
345 2509 406 2557 dum
420 2509 482 2557 lacte
498 2523 580 2575 capras
596 2508 627 2557 ad
643 2508 746 2556 mulctra
762 2507 856 2556 reducit

253 2619 258 2629 .
281 2619 285 2629 .
307 2619 311 2629 .
334 2619 338 2628 .
357 2580 388 2628 ad
404 2580 483 2628 caulas
499 2580 617 2645 lanigeras
633 2578 739 2645 pecudes

169 2697 343 2742 540anmaYewdale
390 2697 512 2741 subpeditabet
526 2697 601 2732 Yewdalr.
674 2708 702 2740 545
715 2696 798 2731 Lachesi:
816 2703 915 2741 ssuprascr.

131 2759 162 2792 547
175 2752 208 2782 tota
217 2745 258 2780 linea
266 2748 283 2780 in
291 2757 323 2780 ras,
395 2746 439 2779 VIII
455 2746 497 2780 Pars
509 2756 564 2787 magna
576 2745 606 2788 legi
613 2756 643 2779 non
652 2751 712 2788 potest.
