2068 3216
223 153 274 199 300

482 224 602 258 nmmum
627 211 675 259 VII

221 352 317 417 Tuque,
334 352 422 401 decore
438 353 524 418 Ligur,
540 364 666 418 protectus
682 354 745 402 colla
761 353 862 420 capillis,

270 423 407 472 Subversor
422 424 512 491 populi
528 425 621 474 Bardus
638 436 662 474 et
677 425 793 484 Ausonii,

220 494 316 544 Tuscus
333 506 357 543 et
372 496 471 544 archani
488 495 576 545 doctus
592 496 707 545 libamina
724 497 792 556 sacri,

269 566 364 616 Umber
380 567 521 616 inundantis
538 579 625 616 cuncta
641 580 862 635 superstesaquae,

220 638 335 687 Flumina
351 655 414 704 quos
431 640 525 699 Mosae,
543 655 606 704 quos
622 651 709 706 potant
725 640 826 688 fiumina
841 640 1008 701 Rheni,f.125v

269 709 387 777 Arvaque
403 710 447 776 qui
464 711 558 760 sulcant
573 711 675 778 pinguia
691 712 838 771 Pannoniae,

220 780 341 831 Thethios
348 782 415 830 unda
421 799 499 848 vagae
505 782 596 848 quibus
603 782 705 832 insultat
711 783 773 831 duce
780 782 886 843 Phoebe,

269 853 347 920 Copia
363 870 439 919 quem
453 854 522 903 lactis
538 854 657 903 Flandrus
674 854 757 922 opima
772 854 851 915 fovet,

221 925 335 990 Quisque
350 925 420 974 dedit
435 938 518 974 vastus
534 942 628 975 nomen
643 926 734 992 gentile
750 926 896 987 Lemannus,

270 997 382 1062 Saxoque
398 997 442 1062 qui
457 997 537 1063 longo
552 998 662 1063 cingitur
678 1014 735 1047 ense
750 997 829 1057 latus;

220 1068 339 1117 Assuetae
354 1068 445 1118 crebris
462 1069 556 1118 dirimit
572 1087 631 1136 quas
649 1070 758 1136 Sequana
774 1069 845 1119 bellis

269 1139 372 1199 Gentes,
389 1152 414 1189 et
429 1142 530 1200 Remus,
546 1142 672 1207 Belgaque
686 1157 745 1191 cum
759 1142 851 1201 Leuco,

219 1211 352 1260 Alternum
366 1212 420 1277 iugi
436 1212 531 1278 Ligeris
548 1214 591 1278 qui
607 1212 680 1262 caede
695 1223 823 1262 cruentant

268 1283 339 1332 Litus
355 1295 380 1332 et
395 1299 495 1333 aversus
511 1284 629 1333 Allobros
645 1284 749 1344 insidiis,

220 1355 329 1404 Nervius
344 1355 465 1404 illecebris
481 1356 568 1405 solitus
585 1355 742 1405 succumbere
757 1355 840 1415 nullis,

268 1427 479 1492 Normannusque
494 1427 571 1486 vafer,
588 1427 752 1493 compatriota
768 1426 846 1486 ducis,

219 1498 281 1546 Filia
296 1497 337 1546 cui
352 1498 418 1563 regis
434 1498 519 1565 nupsit
533 1510 602 1566 patre
618 1499 690 1548 dante
706 1497 822 1566 Philippi,

269 1569 420 1618 Francorum
434 1571 528 1619 multus
545 1586 620 1635 quam
635 1570 746 1636 sequitur
761 1585 892 1620 numerus:

220 1642 331 1706 Protegit
338 1641 404 1689 hunc
411 1641 514 1708 clipeus,
522 1642 586 1707 riget
593 1658 650 1690 ense
657 1641 746 1701 femur,
754 1652 820 1690 tenet
827 1640 928 1702 hastam,

268 1713 361 1762 Dextra
377 1713 440 1778 tegit
455 1724 527 1762 terax
541 1712 659 1772 membra,
676 1724 749 1779 caput
764 1712 841 1779 galea.

220 1785 278 1834 Hoc
294 1785 388 1851 equites
404 1783 491 1833 habitu
507 1784 617 1833 ductoris
634 1785 703 1850 signa
720 1795 862 1849 sequuntur,

269 1856 414 1905 Constantes
430 1856 514 1920 animo
529 1856 625 1905 viribus
641 1868 666 1904 et
681 1856 772 1922 vegeti.
794 1918 796 1924 Υ

219 1927 315 1976 Arcum
329 1944 390 1976 uero
406 1927 482 1994 pedes
499 1938 579 1993 gestat
594 1926 782 1994 pharetramque
800 1938 943 1987 sonantem,

268 1999 356 2048 Armat
372 2011 397 2048 et
413 1999 531 2047 audacem
545 1999 627 2047 lancea
642 1999 690 2048 lata
706 2015 823 2058 manum3

219 2070 357 2119 Annorum
372 2071 464 2136 species
480 2070 570 2138 populi
586 2082 648 2135 quot
663 2086 739 2136 paene
755 2069 832 2129 fuere,

268 2142 346 2191 Natio
362 2158 420 2191 nam
435 2141 512 2190 moris
529 2158 640 2207 quaeque
656 2143 694 2191 sui
710 2141 829 2192 meminit.

219 2213 261 2262 Ad
277 2214 346 2262 Barri
360 2225 464 2280 portum
479 2212 593 2262 distantia
609 2213 686 2264 multa
701 2213 814 2262 virorum

268 2284 383 2334 Moribus
399 2302 427 2333 ac
443 2285 534 2350 linguis
551 2285 619 2333 milia
633 2285 793 2344 conveniunt,

219 2356 318 2406 Infinita
333 2355 382 2404 fuit
397 2356 516 2405 nimirum
530 2356 602 2422 copia
618 2372 733 2423 quorum,

267 2428 339 2477 Aeris
356 2440 384 2476 ut
400 2427 514 2476 volucres
530 2438 573 2476 aut
588 2438 616 2475 ut
631 2427 720 2476 harena
736 2427 817 2476 maris.

220 2499 326 2549 Saltibus
342 2500 454 2565 ingentes
470 2499 592 2565 Garganis
607 2499 676 2548 mille
691 2499 782 2547 carinas

182 2652 202 2684 45
208 2667 209 2670 η
215 2641 272 2675 Rheni
280 2652 284 2675 ε
295 2641 308 2674 h
318 2647 398 2684 suprascr.
446 2651 468 2683 47
476 2639 560 2675 Thethios
567 2651 572 2675 z
580 2640 593 2674 h
600 2646 687 2685 suprascr„
699 2651 711 2674 o
720 2642 737 2674 in
747 2651 780 2674 ras.
793 2654 812 2669 =
820 2638 904 2683 Tethyos,
912 2640 937 2673 sic

147 2688 197 2732 Jmal.
245 2692 267 2730 48
278 2688 469 2733 (Flandrus)...(opima)
478 2699 511 2722 ras.
561 2699 581 2731 54
592 2687 739 2730 (avers)usinras.
782 2686 936 2722 botorax=tho=

148 2749 184 2778 rax,
190 2738 214 2770 sic
218 2736 270 2781 Jmal,
277 2736 385 2780 Hagenmcaer.
433 2747 455 2778 70
466 2736 541 2772 harena:
553 2736 565 2769 h
576 2741 655 2779 suprascr.
