2068 3216
322 231 357 264 ou
372 229 579 264 Muuouauumus
595 215 640 262 IX.
658 231 672 278 9
689 241 698 249 -
714 214 759 262 IX.
779 230 807 262 10
874 158 919 205 235

211 358 332 407 Detentus
348 357 438 406 crebris
455 357 601 406 anfractibus
617 357 658 406 ille
674 357 778 416 viarum,

260 431 293 478 Et
308 428 393 478 furvae
409 429 488 478 noctis
505 429 637 496 implicitus
653 428 767 488 tenebris,

212 500 328 549 Tardavit
344 500 456 566 regredi:
474 517 548 567 quem
564 512 643 567 sperat
659 499 689 548 ab
705 499 776 550 hoste
792 503 869 550 teneri

260 573 356 621 Cassius
373 584 397 621 et
413 572 483 621 Bruti
499 571 578 621 diruta
594 584 670 621 castra
687 573 732 630 sui,

211 643 328 693 Caesareo
345 644 470 693 madidam
485 661 544 692 mox
558 644 630 710 ponit
647 644 764 709 sanguine
781 645 865 705 vitam,

260 715 407 765 incumbens
424 715 489 764 ferro
505 714 617 764 turbidus
634 715 686 782 ipse
702 732 765 774 suo;
936 739 959 761 ιο

212 786 312 836 Tineius
328 788 429 836 veniens
446 787 506 836 dum
522 787 598 836 cernit
614 786 686 836 caede
703 787 848 847 madentem,

261 860 362 907 «Causa
377 871 433 907 tuae
449 859 544 918 mortis,
561 858 642 918 dux»,
659 859 700 917 ait,
718 859 793 925 «ipse
808 859 861 909 fui:

211 931 271 979 Non
282 931 360 997 patiar
371 942 492 990 nostrum,
505 929 555 979 dux
566 929 668 988 obtime,
681 930 773 979 crimen
784 931 922 991 inultum»,

260 1002 378 1051 Recludit
388 1002 503 1068 iugulum
517 1002 630 1068 protinus
647 1018 703 1050 ense
720 1018 799 1051 suum.

211 1073 274 1139 Regi
290 1073 423 1123 Veientum
437 1073 568 1140 lugubrem
583 1085 672 1123 tessera
688 1090 771 1122 casum
936 1096 956 1129 ις

258 1144 358 1205 Attulit,
374 1145 472 1194 obtatus
488 1146 564 1194 iaetus
581 1146 603 1194 ei
619 1145 714 1204 cecidit,

211 1216 263 1279 Qui
278 1216 404 1266 conlusori
420 1216 510 1277 ridens,
528 1215 689 1276 «interfice»,
706 1216 775 1276 dixit,

237 1313 240 1321 ·
260 1287 331 1337 Missi
347 1289 453 1337 Romani
468 1288 562 1337 lusibus
578 1289 716 1348 intererant,

211 1359 302 1426 Regius
318 1360 401 1409 audita
417 1377 480 1427 quos
496 1372 584 1409 mactat
599 1377 662 1409 voce
678 1360 780 1419 satelles,

260 1431 366 1481 Credens
383 1432 431 1481 hoc
447 1448 530 1498 regem
546 1431 682 1498 significare
698 1449 777 1481 suum.

465 1573 509 1616 DE
527 1572 667 1617 ULCIONE

549 1700 578 1730 10

210 1789 311 1839 Fulvius
328 1802 390 1840 esset
407 1808 434 1838 ea
450 1789 510 1839 dum
526 1801 667 1857 tempestate
683 1790 804 1848 tribunus,

259 1861 393 1911 Tusclanos
409 1861 472 1910 falso
488 1861 589 1909 crimine
605 1862 751 1926 compeciit:

210 1933 309 1982 Horum
324 1933 429 1982 consilio
445 1933 574 1982 Privernos
591 1949 648 1981 cum
663 1933 793 1981 Veliternis

258 2005 325 2053 Bella
339 2016 466 2071 paraturos
482 2003 591 2070 patribus
608 2005 730 2062 insinuat;

210 2076 299 2125 Obsita
314 2093 372 2125 cum
386 2077 449 2124 natis
466 2077 571 2124 Romam
587 2076 699 2141 squalore
714 2076 821 2124 cucurrit
948 2097 955 2130 5

259 2148 291 2196 Et
307 2164 364 2198 cum
379 2147 527 2213 coniugibus
537 2146 614 2214 >plebs
627 2147 754 2195 lacrimosa
770 2147 828 2206 sui,

210 2219 315 2267 Excusat
330 2219 436 2286 culpam,
453 2219 580 2268 dimittunt
595 2219 630 2267 ire
646 2219 759 2277 solutam,

260 2290 316 2339 Sola
331 2290 410 2339 tribus
426 2290 542 2357 dampnat
557 2290 652 2356 Popilia
667 2290 815 2339 innocuam:

209 2361 304 2410 Iudicat
319 2362 378 2411 haec
393 2362 470 2427 virgis
487 2378 568 2410 caesos
584 2362 671 2427 punire
688 2362 773 2420 securi,

257 2433 361 2482 Inbelles
378 2445 477 2501 sumpto
493 2433 607 2482 distribui
621 2433 710 2499 preti0,
935 2455 956 2478 10

210 2504 286 2554 Cuius
303 2504 426 2564 Tusclani,
441 2516 574 2571 postquam
589 2516 646 2553 sunt
661 2503 721 2552 urbe
737 2505 835 2571 recepti,

258 2577 317 2625 Vari
332 2576 414 2625 iuditii
430 2591 525 2642 semper
541 2587 608 2625 erant
624 2592 752 2634 memores,

172 2706 189 2738 9,
202 2706 221 2729 21
234 2694 425 2739 Tineius:isuprascr.
462 2705 481 2737 25
494 2693 581 2729 reiectum
604 2694 697 2738 (ca).(sum)
709 2704 742 2728 ras.
803 2705 830 2736 10,
843 2705 850 2728 1
863 2694 919 2738 (dum)

136 2742 272 2786 ..‚(tempesttae)
282 2753 315 2777 ras.
