2068 3216
790 184 817 230 13

216 256 250 289 Du
265 256 473 290 Mauoanmnmus
490 242 532 290 VI.
551 255 622 289 nuos.
640 268 650 275 -
669 239 711 287 VI.
733 256 742 286 1
823 185 837 233 9

125 885 267 930 EXPLICIT
282 887 304 929 V
625 884 790 928 PROLOGUS
807 885 840 928 VI

126 1033 185 1080 Esse
200 1032 333 1097 pudiciciae
350 1033 392 1097 qui
407 1033 536 1099 participes
553 1031 661 1091 voluere,

174 1104 298 1169 Dictaque
311 1103 410 1152 liberius
426 1102 520 1152 factave
537 1120 598 1169 quae
613 1103 713 1164 fuerint,

125 1176 154 1223 in
171 1191 232 1239 quos
249 1175 372 1224 extiterint
388 1176 494 1223 Romani
509 1174 599 1241 aliique
616 1176 702 1235 severi,

174 1247 296 1312 Dictaque
312 1263 373 1312 quae
389 1247 497 1312 graviter
511 1245 605 1295 factave
621 1264 683 1314 quae
698 1247 798 1309 fuerint,

127 1318 238 1367 Uxorum
254 1335 328 1385 quam
343 1329 395 1366 tuta
411 1317 471 1367 fides
488 1330 585 1385 experta
602 1319 703 1378 maritis,
866 1347 873 1380 5

174 1391 203 1437 In
219 1390 302 1438 multis
318 1390 400 1456 viguit
414 1389 513 1455 publica
530 1402 619 1455 quanta
634 1390 703 1450 fidet,

127 1460 178 1522 Qui
193 1461 274 1527 primo
291 1472 382 1528 turpes,
399 1462 477 1510 claros
495 1461 537 1510 sed
552 1473 638 1528 postea
654 1478 743 1522 mores,

174 1533 270 1581 Duram
285 1532 411 1581 fortunam
427 1534 471 1599 qui
486 1533 562 1598 prius,
579 1533 636 1582 inde
652 1533 751 1594 bonam,

126 1604 254 1653 inveniens
272 1605 353 1653 Greco
371 1604 477 1653 similem
492 1604 539 1664 dic,
556 1606 634 1669 Pyeri,
650 1605 736 1665 verbo,

174 1676 214 1725 Da
229 1676 307 1735 clarit,
325 1676 425 1736 Eratho,
442 1676 589 1725 carminibus
606 1676 692 1726 simile.
855 1682 875 1706 ¹0
901 1703 902 1706 =

126 1963 215 2006 LIBER
230 1963 263 2006 VI
623 1963 667 2006 DE
682 1963 841 2007 PUDICICIA

477 2078 487 2108 I

128 2203 254 2251 Convocat
269 2202 401 2268 indignum
416 2218 529 2270 perpessa
545 2204 660 2251 Lucrecia
677 2215 790 2270 stuprum

175 2275 279 2322 Brutum
295 2290 352 2322 cum
367 2286 422 2323 toto
439 2286 566 2323 stemmate
581 2274 722 2334 nobilium3

127 2345 291 2410 Conqueritur
306 2357 365 2394 nato
381 2346 412 2395 de
428 2346 556 2411 Tarquinii
571 2346 691 2405 uiolento,

174 2418 286 2481 Fregerat
301 2417 377 2483 ipsius
393 2417 434 2466 itte
449 2417 605 2483 pudiciciam,
741 2412 742 2415 ¹

128 2490 209 2555 thue
224 2488 294 2555 loqui
311 2500 394 2548 cessat,
410 2489 485 2548 ferro,
502 2489 571 2555 quod
586 2501 654 2537 veste
670 2489 776 2555 tegebat,
866 2518 874 2550 5

175 2560 305 2608 Pertransit
320 2572 404 2626 pectus
421 2561 504 2627 sicque
520 2561 570 2608 ruit
585 2561 703 2610 niveum:

89 2725 143 2767 Ptol„
154 2737 161 2759 1
174 2725 276 2770 participes:
286 2734 383 2771 estprascr.
439 2738 459 2760 10
469 2726 518 2761 claris
527 2728 544 2760 in
552 2737 584 2761 ras.
595 2726 616 2760 al.
626 2738 667 2761 man
723 2738 738 2768 1,
751 2739 761 2761 z
771 2728 840 2772 (t)o(t0)

53 2783 71 2807 m
79 2784 112 2808 ras.
