<?xml version="1.0" encoding="UTF-8"?>
<!DOCTYPE html PUBLIC "-//W3C//DTD XHTML 1.0 Transitional//EN"
    "http://www.w3.org/TR/xhtml1/DTD/xhtml1-transitional.dtd">
<html xmlns="http://www.w3.org/1999/xhtml" xml:lang="en" lang="en">
 <head>
  <title>
</title>
<meta http-equiv="Content-Type" content="text/html;charset=utf-8" />
  <meta name='ocr-system' content='tesseract 3.04.00' />
  <meta name='ocr-capabilities' content='ocr_page ocr_carea ocr_par ocr_line ocrx_word'/>
</head>
<body>
  <div class='ocr_page' id='page_1' title='image "MN40034ucmf_3_0199.png"; bbox 0 0 2068 3216; ppageno 0'>
   <div class='ocr_carea' id='block_1_1' title="bbox 121 129 693 248">
    <p class='ocr_par' dir='ltr' id='par_1_1' title="bbox 121 129 693 248">
     <span class='ocr_line' id='line_1_1' title="bbox 121 129 169 160; baseline 0.021 -1"><span class='ocrx_word' id='word_1_1' title='bbox 121 129 130 159; x_wconf 93' lang='lat'>1</span> <span class='ocrx_word' id='word_1_2' title='bbox 139 130 169 160; x_wconf 85' lang='lat'>22</span> 
     </span>
     <span class='ocr_line' id='line_1_2' title="bbox 253 186 693 248; baseline 0 -15"><span class='ocrx_word' id='word_1_3' title='bbox 253 201 287 233; x_wconf 82' lang='lat' dir='ltr'>DE</span> <span class='ocrx_word' id='word_1_4' title='bbox 303 199 510 235; x_wconf 73' lang='lat' dir='ltr'>namonaammus</span> <span class='ocrx_word' id='word_1_5' title='bbox 526 186 556 234; x_wconf 85' lang='lat' dir='ltr'>V.</span> <span class='ocrx_word' id='word_1_6' title='bbox 577 203 588 232; x_wconf 87' lang='lat'>2</span> <span class='ocrx_word' id='word_1_7' title='bbox 606 214 615 220; x_wconf 98' lang='lat'>-</span> <span class='ocrx_word' id='word_1_8' title='bbox 632 186 662 233; x_wconf 86' lang='lat' dir='ltr'>V.</span> <span class='ocrx_word' id='word_1_9' title='bbox 683 203 693 248; x_wconf 73' lang='lat'>3</span> 
     </span>
    </p>
   </div>
   <div class='ocr_carea' id='block_1_2' title="bbox 116 327 779 896">
    <p class='ocr_par' dir='ltr' id='par_1_2' title="bbox 116 327 779 468">
     <span class='ocr_line' id='line_1_3' title="bbox 116 327 779 393; baseline 0.002 -17"><span class='ocrx_word' id='word_1_10' title='bbox 116 327 216 393; x_wconf 89' lang='lat' dir='ltr'>Dirigat</span> <span class='ocrx_word' id='word_1_11' title='bbox 231 327 297 376; x_wconf 91' lang='lat' dir='ltr'>hunc</span> <span class='ocrx_word' id='word_1_12' title='bbox 312 328 398 377; x_wconf 89' lang='lat' dir='ltr'>oculos</span> <span class='ocrx_word' id='word_1_13' title='bbox 415 329 459 393; x_wconf 88' lang='lat' dir='ltr'>qui</span> <span class='ocrx_word' id='word_1_14' title='bbox 474 327 596 377; x_wconf 80' lang='lat' dir='ltr'>clauderet</span> <span class='ocrx_word' id='word_1_15' title='bbox 612 328 663 376; x_wconf 89' lang='lat' dir='ltr'>eius</span> <span class='ocrx_word' id='word_1_16' title='bbox 679 329 779 388; x_wconf 89' lang='lat' dir='ltr'>amicos,</span> 
     </span>
     <span class='ocr_line' id='line_1_4' title="bbox 165 399 770 468; baseline 0.002 -21"><span class='ocrx_word' id='word_1_17' title='bbox 165 399 338 466; x_wconf 89' lang='lat' dir='ltr'>Disponatque</span> <span class='ocrx_word' id='word_1_18' title='bbox 354 399 458 449; x_wconf 92' lang='lat' dir='ltr'>domum</span> <span class='ocrx_word' id='word_1_19' title='bbox 472 399 592 468; x_wconf 86' lang='lat' dir='ltr'>providus</span> <span class='ocrx_word' id='word_1_20' title='bbox 609 399 640 448; x_wconf 91' lang='lat' dir='ltr'>ad</span> <span class='ocrx_word' id='word_1_21' title='bbox 655 399 770 459; x_wconf 91' lang='lat' dir='ltr'>libitum;</span> 
     </span>
    </p>

    <p class='ocr_par' dir='ltr' id='par_1_3' title="bbox 118 470 701 609">
     <span class='ocr_line' id='line_1_5' title="bbox 118 470 701 539; baseline 0.002 -20"><span class='ocrx_word' id='word_1_22' title='bbox 118 471 250 520; x_wconf 79' lang='lat' dir='ltr'>Pteventus</span> <span class='ocrx_word' id='word_1_23' title='bbox 267 470 324 520; x_wconf 82' lang='lat' dir='ltr'>fatis</span> <span class='ocrx_word' id='word_1_24' title='bbox 341 471 384 539; x_wconf 88' lang='lat' dir='ltr'>qui</span> <span class='ocrx_word' id='word_1_25' title='bbox 400 486 442 519; x_wconf 83' lang='lat' dir='ltr'>rex</span> <span class='ocrx_word' id='word_1_26' title='bbox 457 471 525 521; x_wconf 89' lang='lat' dir='ltr'>iubet</span> <span class='ocrx_word' id='word_1_27' title='bbox 540 471 624 520; x_wconf 86' lang='lat' dir='ltr'>omnia</span> <span class='ocrx_word' id='word_1_28' title='bbox 639 472 701 520; x_wconf 86' lang='lat' dir='ltr'>natis</span> 
     </span>
     <span class='ocr_line' id='line_1_6' title="bbox 165 542 659 609; baseline -0.002 -18"><span class='ocrx_word' id='word_1_29' title='bbox 165 543 263 608; x_wconf 87' lang='lat' dir='ltr'>Integra</span> <span class='ocrx_word' id='word_1_30' title='bbox 280 543 377 602; x_wconf 85' lang='lat' dir='ltr'>servari,</span> <span class='ocrx_word' id='word_1_31' title='bbox 396 542 477 609; x_wconf 84' lang='lat' dir='ltr'>Scipio</span> <span class='ocrx_word' id='word_1_32' title='bbox 494 542 554 592; x_wconf 93' lang='lat' dir='ltr'>dum</span> <span class='ocrx_word' id='word_1_33' title='bbox 569 543 659 603; x_wconf 78' lang='lat' dir='ltr'>veniat,</span> 
     </span>
    </p>

    <p class='ocr_par' dir='ltr' id='par_1_4' title="bbox 117 614 684 752">
     <span class='ocr_line' id='line_1_7' title="bbox 117 614 684 681; baseline 0.004 -19"><span class='ocrx_word' id='word_1_34' title='bbox 117 614 168 681; x_wconf 86' lang='lat' dir='ltr'>Ipsi</span> <span class='ocrx_word' id='word_1_35' title='bbox 184 614 221 662; x_wconf 91' lang='lat' dir='ltr'>ius</span> <span class='ocrx_word' id='word_1_36' title='bbox 237 614 325 663; x_wconf 82' lang='lat' dir='ltr'>tribuit</span> <span class='ocrx_word' id='word_1_37' title='bbox 340 629 445 680; x_wconf 88' lang='lat' dir='ltr'>regnum</span> <span class='ocrx_word' id='word_1_38' title='bbox 460 615 503 681; x_wconf 87' lang='lat' dir='ltr'>qui</span> <span class='ocrx_word' id='word_1_39' title='bbox 519 614 613 664; x_wconf 87' lang='lat' dir='ltr'>dividat</span> <span class='ocrx_word' id='word_1_40' title='bbox 627 614 684 675; x_wconf 86' lang='lat' dir='ltr'>illis,</span> 
     </span>
     <span class='ocr_line' id='line_1_8' title="bbox 166 684 649 752; baseline -0.002 -17"><span class='ocrx_word' id='word_1_41' title='bbox 166 684 269 735; x_wconf 82' lang='lat' dir='ltr'>Dividat</span> <span class='ocrx_word' id='word_1_42' title='bbox 285 697 396 751; x_wconf 77' lang='lat' dir='ltr'>aggestas</span> <span class='ocrx_word' id='word_1_43' title='bbox 412 686 456 752; x_wconf 88' lang='lat' dir='ltr'>qui</span> <span class='ocrx_word' id='word_1_44' title='bbox 472 685 518 735; x_wconf 90' lang='lat' dir='ltr'>sibi</span> <span class='ocrx_word' id='word_1_45' title='bbox 534 685 649 745; x_wconf 81' lang='lat' dir='ltr'>divitias3</span> 
     </span>
    </p>

    <p class='ocr_par' dir='ltr' id='par_1_5' title="bbox 119 756 753 896">
     <span class='ocr_line' id='line_1_9' title="bbox 119 756 725 824; baseline 0 -18"><span class='ocrx_word' id='word_1_46' title='bbox 119 756 221 807; x_wconf 85' lang='lat' dir='ltr'>Mandat</span> <span class='ocrx_word' id='word_1_47' title='bbox 236 757 355 807; x_wconf 89' lang='lat' dir='ltr'>Romanis</span> <span class='ocrx_word' id='word_1_48' title='bbox 372 771 467 824; x_wconf 80' lang='lat' dir='ltr'>semper</span> <span class='ocrx_word' id='word_1_49' title='bbox 483 756 618 806; x_wconf 87' lang='lat' dir='ltr'>subdantur</span> <span class='ocrx_word' id='word_1_50' title='bbox 633 758 725 816; x_wconf 87' lang='lat' dir='ltr'>amicis,</span> 
     </span>
     <span class='ocr_line' id='line_1_10' title="bbox 168 828 753 896; baseline -0.002 -18"><span class='ocrx_word' id='word_1_51' title='bbox 168 829 255 878; x_wconf 88' lang='lat' dir='ltr'>Caram</span> <span class='ocrx_word' id='word_1_52' title='bbox 272 829 412 894; x_wconf 90' lang='lat' dir='ltr'>Scipiadum</span> <span class='ocrx_word' id='word_1_53' title='bbox 428 844 523 896; x_wconf 85' lang='lat' dir='ltr'>semper</span> <span class='ocrx_word' id='word_1_54' title='bbox 539 828 626 878; x_wconf 89' lang='lat' dir='ltr'>habere</span> <span class='ocrx_word' id='word_1_55' title='bbox 643 829 753 878; x_wconf 86' lang='lat' dir='ltr'>domum.</span> 
     </span>
    </p>
   </div>
   <div class='ocr_carea' id='block_1_3' title="bbox 371 969 582 1144">
    <p class='ocr_par' dir='ltr' id='par_1_6' title="bbox 371 969 582 1144">
     <span class='ocr_line' id='line_1_11' title="bbox 371 969 582 1015; baseline 0 -2"><span class='ocrx_word' id='word_1_56' title='bbox 371 971 414 1013; x_wconf 90' lang='lat' dir='ltr'>DE</span> <span class='ocrx_word' id='word_1_57' title='bbox 434 969 582 1015; x_wconf 84' lang='lat' dir='ltr'>INGRATIS</span> 
     </span>
     <span class='ocr_line' id='line_1_12' title="bbox 467 1099 477 1144; baseline 0 0"><span class='ocrx_word' id='word_1_58' title='bbox 467 1099 477 1144; x_wconf 77' lang='lat'>5</span> 
     </span>
    </p>
   </div>
   <div class='ocr_carea' id='block_1_4' title="bbox 120 1187 892 1399">
    <p class='ocr_par' dir='ltr' id='par_1_7' title="bbox 120 1187 892 1399">
     <span class='ocr_line' id='line_1_13' title="bbox 120 1187 669 1254; baseline 0.002 -18"><span class='ocrx_word' id='word_1_59' title='bbox 120 1188 208 1237; x_wconf 89' lang='lat' dir='ltr'>Extitit</span> <span class='ocrx_word' id='word_1_60' title='bbox 223 1188 332 1254; x_wconf 90' lang='lat' dir='ltr'>ingratus</span> <span class='ocrx_word' id='word_1_61' title='bbox 348 1187 452 1237; x_wconf 86' lang='lat' dir='ltr'>crudelis</span> <span class='ocrx_word' id='word_1_62' title='bbox 469 1199 493 1237; x_wconf 90' lang='lat' dir='ltr'>et</span> <span class='ocrx_word' id='word_1_63' title='bbox 508 1187 549 1236; x_wconf 90' lang='lat' dir='ltr'>ille</span> <span class='ocrx_word' id='word_1_64' title='bbox 566 1199 669 1247; x_wconf 87' lang='lat' dir='ltr'>senatus,</span> 
     </span>
     <span class='ocr_line' id='line_1_14' title="bbox 170 1259 892 1325; baseline -0.001 -17"><span class='ocrx_word' id='word_1_65' title='bbox 170 1259 221 1323; x_wconf 90' lang='lat' dir='ltr'>Qui</span> <span class='ocrx_word' id='word_1_66' title='bbox 237 1260 328 1309; x_wconf 84' lang='lat' dir='ltr'>delevit</span> <span class='ocrx_word' id='word_1_67' title='bbox 344 1276 402 1308; x_wconf 89' lang='lat' dir='ltr'>eum</span> <span class='ocrx_word' id='word_1_68' title='bbox 417 1261 460 1325; x_wconf 91' lang='lat' dir='ltr'>qui</span> <span class='ocrx_word' id='word_1_69' title='bbox 475 1259 529 1308; x_wconf 86' lang='lat' dir='ltr'>fore</span> <span class='ocrx_word' id='word_1_70' title='bbox 545 1276 570 1308; x_wconf 88' lang='lat' dir='ltr'>se</span> <span class='ocrx_word' id='word_1_71' title='bbox 586 1260 677 1319; x_wconf 85' lang='lat' dir='ltr'>statuit,</span> <span class='ocrx_word' id='word_1_72' title='bbox 832 1268 845 1304; x_wconf 86' lang='lat' dir='ltr'>f.</span> <span class='ocrx_word' id='word_1_73' title='bbox 858 1280 892 1313; x_wconf 81' lang='lat' dir='ltr'>52v</span> 
     </span>
     <span class='ocr_line' id='line_1_15' title="bbox 121 1331 717 1399; baseline 0 -19"><span class='ocrx_word' id='word_1_74' title='bbox 121 1331 194 1380; x_wconf 91' lang='lat' dir='ltr'>Urbis</span> <span class='ocrx_word' id='word_1_75' title='bbox 211 1332 254 1398; x_wconf 90' lang='lat' dir='ltr'>qui</span> <span class='ocrx_word' id='word_1_76' title='bbox 269 1342 371 1399; x_wconf 89' lang='lat' dir='ltr'>patrem,</span> <span class='ocrx_word' id='word_1_77' title='bbox 389 1331 432 1396; x_wconf 88' lang='lat' dir='ltr'>qui</span> <span class='ocrx_word' id='word_1_78' title='bbox 447 1331 517 1397; x_wconf 88' lang='lat' dir='ltr'>regni</span> <span class='ocrx_word' id='word_1_79' title='bbox 532 1331 717 1397; x_wconf 82' lang='lat' dir='ltr'>progenitorem</span> 
     </span>
    </p>
   </div>
   <div class='ocr_carea' id='block_1_5' title="bbox 29 1402 790 2615">
    <p class='ocr_par' dir='ltr' id='par_1_8' title="bbox 169 1402 729 1462">
     <span class='ocr_line' id='line_1_16' title="bbox 169 1402 729 1462; baseline -0.004 -9"><span class='ocrx_word' id='word_1_80' title='bbox 169 1402 286 1462; x_wconf 86' lang='lat' dir='ltr'>Perdidit,</span> <span class='ocrx_word' id='word_1_81' title='bbox 301 1403 427 1451; x_wconf 86' lang='lat' dir='ltr'>incautum</span> <span class='ocrx_word' id='word_1_82' title='bbox 442 1402 619 1451; x_wconf 90' lang='lat' dir='ltr'>dissimulando</span> <span class='ocrx_word' id='word_1_83' title='bbox 635 1402 729 1462; x_wconf 89' lang='lat' dir='ltr'>dolum,</span> 
     </span>
    </p>

    <p class='ocr_par' dir='ltr' id='par_1_9' title="bbox 120 1474 790 1612">
     <span class='ocr_line' id='line_1_17' title="bbox 120 1474 790 1543; baseline 0 -20"><span class='ocrx_word' id='word_1_84' title='bbox 120 1474 145 1523; x_wconf 82' lang='lat' dir='ltr'>A</span> <span class='ocrx_word' id='word_1_85' title='bbox 161 1475 225 1524; x_wconf 88' lang='lat' dir='ltr'>divis</span> <span class='ocrx_word' id='word_1_86' title='bbox 241 1486 339 1543; x_wconf 87' lang='lat' dir='ltr'>raptum</span> <span class='ocrx_word' id='word_1_87' title='bbox 355 1490 430 1542; x_wconf 89' lang='lat' dir='ltr'>quem</span> <span class='ocrx_word' id='word_1_88' title='bbox 443 1474 565 1541; x_wconf 90' lang='lat' dir='ltr'>praedicat</span> <span class='ocrx_word' id='word_1_89' title='bbox 581 1491 632 1522; x_wconf 89' lang='lat' dir='ltr'>esse</span> <span class='ocrx_word' id='word_1_90' title='bbox 649 1474 790 1537; x_wconf 89' lang='lat' dir='ltr'>Quirinum,</span> 
     </span>
     <span class='ocr_line' id='line_1_18' title="bbox 169 1545 707 1612; baseline -0.002 -17"><span class='ocrx_word' id='word_1_91' title='bbox 169 1546 242 1595; x_wconf 90' lang='lat' dir='ltr'>Fodit</span> <span class='ocrx_word' id='word_1_92' title='bbox 257 1546 400 1596; x_wconf 77' lang='lat' dir='ltr'>vulneribus</span> <span class='ocrx_word' id='word_1_93' title='bbox 415 1545 527 1612; x_wconf 86' lang='lat' dir='ltr'>pluribus</span> <span class='ocrx_word' id='word_1_94' title='bbox 544 1557 568 1594; x_wconf 89' lang='lat' dir='ltr'>et</span> <span class='ocrx_word' id='word_1_95' title='bbox 583 1545 707 1611; x_wconf 84' lang='lat' dir='ltr'>gravibus.</span> 
     </span>
    </p>

    <p class='ocr_par' dir='ltr' id='par_1_10' title="bbox 120 1616 731 1755">
     <span class='ocr_line' id='line_1_19' title="bbox 120 1616 731 1676; baseline -0.002 -10"><span class='ocrx_word' id='word_1_96' title='bbox 120 1618 218 1667; x_wconf 76' lang='lat' dir='ltr'>illuster</span> <span class='ocrx_word' id='word_1_97' title='bbox 233 1629 299 1667; x_wconf 89' lang='lat' dir='ltr'>tutus</span> <span class='ocrx_word' id='word_1_98' title='bbox 316 1634 368 1665; x_wconf 90' lang='lat' dir='ltr'>non</span> <span class='ocrx_word' id='word_1_99' title='bbox 384 1618 473 1665; x_wconf 89' lang='lat' dir='ltr'>mansit</span> <span class='ocrx_word' id='word_1_100' title='bbox 487 1617 514 1665; x_wconf 89' lang='lat' dir='ltr'>in</span> <span class='ocrx_word' id='word_1_101' title='bbox 529 1616 589 1666; x_wconf 89' lang='lat' dir='ltr'>urbe</span> <span class='ocrx_word' id='word_1_102' title='bbox 606 1617 731 1676; x_wconf 89' lang='lat' dir='ltr'>Camillus,</span> 
     </span>
     <span class='ocr_line' id='line_1_20' title="bbox 171 1687 689 1755; baseline -0.006 -16"><span class='ocrx_word' id='word_1_103' title='bbox 171 1690 290 1753; x_wconf 80' lang='lat' dir='ltr'>Quamvis</span> <span class='ocrx_word' id='word_1_104' title='bbox 306 1700 344 1737; x_wconf 90' lang='lat' dir='ltr'>tot</span> <span class='ocrx_word' id='word_1_105' title='bbox 360 1689 435 1755; x_wconf 90' lang='lat' dir='ltr'>gestis</span> <span class='ocrx_word' id='word_1_106' title='bbox 451 1688 557 1737; x_wconf 86' lang='lat' dir='ltr'>extiterit</span> <span class='ocrx_word' id='word_1_107' title='bbox 572 1687 689 1748; x_wconf 89' lang='lat' dir='ltr'>celebris;</span> 
     </span>
    </p>

    <p class='ocr_par' dir='ltr' id='par_1_11' title="bbox 121 1759 770 1898">
     <span class='ocr_line' id='line_1_21' title="bbox 121 1759 770 1827; baseline -0.003 -17"><span class='ocrx_word' id='word_1_108' title='bbox 121 1762 170 1810; x_wconf 89' lang='lat' dir='ltr'>Hic</span> <span class='ocrx_word' id='word_1_109' title='bbox 185 1761 346 1811; x_wconf 82' lang='lat' dir='ltr'>Veientanam</span> <span class='ocrx_word' id='word_1_110' title='bbox 362 1760 431 1827; x_wconf 90' lang='lat' dir='ltr'>quasi</span> <span class='ocrx_word' id='word_1_111' title='bbox 447 1759 571 1809; x_wconf 89' lang='lat' dir='ltr'>sustulerit</span> <span class='ocrx_word' id='word_1_112' title='bbox 587 1759 633 1808; x_wconf 91' lang='lat' dir='ltr'>sibi</span> <span class='ocrx_word' id='word_1_113' title='bbox 648 1760 770 1825; x_wconf 89' lang='lat' dir='ltr'>praedam,</span> 
     </span>
     <span class='ocr_line' id='line_1_22' title="bbox 169 1831 666 1898; baseline -0.004 -17"><span class='ocrx_word' id='word_1_114' title='bbox 169 1833 271 1881; x_wconf 89' lang='lat' dir='ltr'>Pertulit</span> <span class='ocrx_word' id='word_1_115' title='bbox 286 1832 417 1898; x_wconf 89' lang='lat' dir='ltr'>indignum</span> <span class='ocrx_word' id='word_1_116' title='bbox 432 1831 543 1898; x_wconf 82' lang='lat' dir='ltr'>lugubris</span> <span class='ocrx_word' id='word_1_117' title='bbox 559 1831 666 1880; x_wconf 81' lang='lat' dir='ltr'>exilium.</span> 
     </span>
    </p>

    <p class='ocr_par' dir='ltr' id='par_1_12' title="bbox 122 1902 761 2113">
     <span class='ocr_line' id='line_1_23' title="bbox 122 1902 724 1972; baseline -0.002 -20"><span class='ocrx_word' id='word_1_118' title='bbox 122 1904 203 1972; x_wconf 88' lang='lat' dir='ltr'>Scipio</span> <span class='ocrx_word' id='word_1_119' title='bbox 219 1903 364 1972; x_wconf 86' lang='lat' dir='ltr'>praevalidis</span> <span class='ocrx_word' id='word_1_120' title='bbox 380 1904 460 1952; x_wconf 85' lang='lat' dir='ltr'>maior</span> <span class='ocrx_word' id='word_1_121' title='bbox 476 1902 626 1968; x_wconf 86' lang='lat' dir='ltr'>Carthaginis</span> <span class='ocrx_word' id='word_1_122' title='bbox 643 1903 724 1962; x_wconf 89' lang='lat' dir='ltr'>armis,</span> 
     </span>
     <span class='ocr_line' id='line_1_24' title="bbox 170 1974 714 2033; baseline -0.004 -9"><span class='ocrx_word' id='word_1_123' title='bbox 170 1978 276 2025; x_wconf 85' lang='lat' dir='ltr'>Romam</span> <span class='ocrx_word' id='word_1_124' title='bbox 291 1975 402 2024; x_wconf 87' lang='lat' dir='ltr'>collisam</span> <span class='ocrx_word' id='word_1_125' title='bbox 417 1974 555 2024; x_wconf 87' lang='lat' dir='ltr'>reddiderat</span> <span class='ocrx_word' id='word_1_126' title='bbox 571 1974 714 2033; x_wconf 90' lang='lat' dir='ltr'>dominam;</span> 
     </span>
     <span class='ocr_line' id='line_1_25' title="bbox 122 2045 761 2113; baseline -0.003 -18"><span class='ocrx_word' id='word_1_127' title='bbox 122 2047 186 2097; x_wconf 80' lang='lat' dir='ltr'>Exul</span> <span class='ocrx_word' id='word_1_128' title='bbox 202 2058 226 2096; x_wconf 93' lang='lat' dir='ltr'>et</span> <span class='ocrx_word' id='word_1_129' title='bbox 241 2048 283 2096; x_wconf 89' lang='lat' dir='ltr'>hic</span> <span class='ocrx_word' id='word_1_130' title='bbox 297 2047 361 2095; x_wconf 85' lang='lat' dir='ltr'>obiit</span> <span class='ocrx_word' id='word_1_131' title='bbox 376 2046 522 2113; x_wconf 86' lang='lat' dir='ltr'>tumuloque</span> <span class='ocrx_word' id='word_1_132' title='bbox 537 2045 667 2095; x_wconf 88' lang='lat' dir='ltr'>inscribere</span> <span class='ocrx_word' id='word_1_133' title='bbox 683 2045 761 2105; x_wconf 90' lang='lat' dir='ltr'>iussit,</span> 
     </span>
    </p>

    <p class='ocr_par' dir='ltr' id='par_1_13' title="bbox 29 2117 770 2615">
     <span class='ocr_line' id='line_1_26' title="bbox 172 2117 751 2185; baseline -0.003 -17"><span class='ocrx_word' id='word_1_134' title='bbox 172 2137 186 2168; x_wconf 89' lang='lat'>‹&lt;</span> <span class='ocrx_word' id='word_1_135' title='bbox 195 2119 220 2167; x_wconf 93' lang='lat' dir='ltr'>O</span> <span class='ocrx_word' id='word_1_136' title='bbox 235 2119 329 2185; x_wconf 88' lang='lat' dir='ltr'>ingrata</span> <span class='ocrx_word' id='word_1_137' title='bbox 344 2118 415 2168; x_wconf 84' lang='lat' dir='ltr'>foves</span> <span class='ocrx_word' id='word_1_138' title='bbox 432 2119 511 2167; x_wconf 89' lang='lat' dir='ltr'>Roma</span> <span class='ocrx_word' id='word_1_139' title='bbox 527 2134 572 2166; x_wconf 89' lang='lat' dir='ltr'>nec</span> <span class='ocrx_word' id='word_1_140' title='bbox 586 2134 643 2166; x_wconf 93' lang='lat' dir='ltr'>ossa</span> <span class='ocrx_word' id='word_1_141' title='bbox 658 2134 711 2166; x_wconf 89' lang='lat' dir='ltr'>mea</span> <span class='ocrx_word' id='word_1_142' title='bbox 721 2117 751 2166; x_wconf 87' lang='lat'>»1</span> 
     </span>
     <span class='ocr_line' id='line_1_27' title="bbox 120 2188 753 2257; baseline -0.006 -17"><span class='ocrx_word' id='word_1_143' title='bbox 120 2191 194 2240; x_wconf 86' lang='lat' dir='ltr'>Istius</span> <span class='ocrx_word' id='word_1_144' title='bbox 210 2189 365 2239; x_wconf 85' lang='lat' dir='ltr'>Anthiocum</span> <span class='ocrx_word' id='word_1_145' title='bbox 378 2188 453 2238; x_wconf 82' lang='lat' dir='ltr'>frater</span> <span class='ocrx_word' id='word_1_146' title='bbox 468 2188 603 2257; x_wconf 87' lang='lat' dir='ltr'>pugnando</span> <span class='ocrx_word' id='word_1_147' title='bbox 620 2188 753 2255; x_wconf 88' lang='lat' dir='ltr'>superbum</span> 
     </span>
     <span class='ocr_line' id='line_1_28' title="bbox 170 2260 648 2328; baseline -0.004 -18"><span class='ocrx_word' id='word_1_148' title='bbox 170 2261 245 2321; x_wconf 89' lang='lat' dir='ltr'>Vicit,</span> <span class='ocrx_word' id='word_1_149' title='bbox 262 2262 285 2310; x_wconf 92' lang='lat' dir='ltr'>ei</span> <span class='ocrx_word' id='word_1_150' title='bbox 300 2272 379 2310; x_wconf 90' lang='lat' dir='ltr'>totam</span> <span class='ocrx_word' id='word_1_151' title='bbox 395 2260 531 2328; x_wconf 87' lang='lat' dir='ltr'>subripiens</span> <span class='ocrx_word' id='word_1_152' title='bbox 547 2260 648 2318; x_wconf 88' lang='lat' dir='ltr'>Asiam;</span> 
     </span>
     <span class='ocr_line' id='line_1_29' title="bbox 121 2331 705 2401; baseline -0.005 -18"><span class='ocrx_word' id='word_1_153' title='bbox 121 2333 182 2383; x_wconf 86' lang='lat' dir='ltr'>Inde</span> <span class='ocrx_word' id='word_1_154' title='bbox 196 2334 322 2401; x_wconf 88' lang='lat' dir='ltr'>peculatus</span> <span class='ocrx_word' id='word_1_155' title='bbox 339 2348 393 2381; x_wconf 86' lang='lat' dir='ltr'>reus</span> <span class='ocrx_word' id='word_1_156' title='bbox 409 2349 437 2380; x_wconf 89' lang='lat' dir='ltr'>ac</span> <span class='ocrx_word' id='word_1_157' title='bbox 454 2333 482 2391; x_wconf 90' lang='lat' dir='ltr'>si,</span> <span class='ocrx_word' id='word_1_158' title='bbox 500 2347 592 2380; x_wconf 87' lang='lat' dir='ltr'>carcere</span> <span class='ocrx_word' id='word_1_159' title='bbox 608 2331 705 2390; x_wconf 89' lang='lat' dir='ltr'>missus,</span> 
     </span>
     <span class='ocr_line' id='line_1_30' title="bbox 170 2402 770 2472; baseline -0.008 -17"><span class='ocrx_word' id='word_1_160' title='bbox 170 2406 288 2472; x_wconf 83' lang='lat' dir='ltr'>Repperit</span> <span class='ocrx_word' id='word_1_161' title='bbox 302 2405 427 2469; x_wconf 87' lang='lat' dir='ltr'>ingratum</span> <span class='ocrx_word' id='word_1_162' title='bbox 442 2420 500 2452; x_wconf 88' lang='lat' dir='ltr'>cum</span> <span class='ocrx_word' id='word_1_163' title='bbox 514 2403 624 2470; x_wconf 89' lang='lat' dir='ltr'>patribus</span> <span class='ocrx_word' id='word_1_164' title='bbox 640 2402 770 2470; x_wconf 91' lang='lat' dir='ltr'>populum.</span> 
     </span>
     <span class='ocr_line' id='line_1_31' title="bbox 122 2474 722 2540; baseline -0.005 -15"><span class='ocrx_word' id='word_1_165' title='bbox 122 2478 199 2526; x_wconf 90' lang='lat' dir='ltr'>Porro</span> <span class='ocrx_word' id='word_1_166' title='bbox 216 2477 382 2527; x_wconf 90' lang='lat' dir='ltr'>Numantinos</span> <span class='ocrx_word' id='word_1_167' title='bbox 399 2475 457 2524; x_wconf 89' lang='lat' dir='ltr'>binc</span> <span class='ocrx_word' id='word_1_168' title='bbox 473 2487 497 2524; x_wconf 89' lang='lat' dir='ltr'>et</span> <span class='ocrx_word' id='word_1_169' title='bbox 513 2474 722 2540; x_wconf 89' lang='lat' dir='ltr'>Carthaginienses</span> 
     </span>
     <span class='ocr_line' id='line_1_32' title="bbox 29 2545 668 2615; baseline -0.002 -21"><span class='ocrx_word' id='word_1_170' title='bbox 29 2572 51 2594; x_wconf 87' lang='lat'>20</span> <span class='ocrx_word' id='word_1_171' title='bbox 171 2550 320 2615; x_wconf 83' lang='lat' dir='ltr'>Expugnans</span> <span class='ocrx_word' id='word_1_172' title='bbox 337 2546 428 2606; x_wconf 85' lang='lat' dir='ltr'>hostes,</span> <span class='ocrx_word' id='word_1_173' title='bbox 446 2546 528 2612; x_wconf 81' lang='lat' dir='ltr'>Scipio</span> <span class='ocrx_word' id='word_1_174' title='bbox 544 2545 668 2612; x_wconf 90' lang='lat' dir='ltr'>posterior</span> 
     </span>
    </p>
   </div>
   <div class='ocr_carea' id='block_1_6' title="bbox 87 2714 459 2760">
    <p class='ocr_par' dir='ltr' id='par_1_14' title="bbox 87 2714 459 2760">
     <span class='ocr_line' id='line_1_33' title="bbox 87 2714 459 2760; baseline -0.008 -9"><span class='ocrx_word' id='word_1_175' title='bbox 87 2728 108 2760; x_wconf 81' lang='lat'>77</span> <span class='ocrx_word' id='word_1_176' title='bbox 120 2715 216 2760; x_wconf 40' lang='lat' dir='ltr'>(o)s(culos)</span> <span class='ocrx_word' id='word_1_177' title='bbox 228 2727 261 2749; x_wconf 83' lang='lat' dir='ltr'>ras.</span> <span class='ocrx_word' id='word_1_178' title='bbox 311 2718 329 2748; x_wconf 87' lang='lat'>81</span> <span class='ocrx_word' id='word_1_179' title='bbox 343 2714 369 2748; x_wconf 88' lang='lat' dir='ltr'>ius</span> <span class='ocrx_word' id='word_1_180' title='bbox 381 2721 459 2758; x_wconf 60' lang='lat' dir='ltr'>suprascr.</span> 
     </span>
    </p>
   </div>
   <div class='ocr_carea' id='block_1_7' title="bbox 0 0 1045 3216">
    <p class='ocr_par' dir='ltr' id='par_1_15' title="bbox 0 0 1045 3216">
     <span class='ocr_line' id='line_1_34' title="bbox 0 0 1045 3216; baseline 0 0"><span class='ocrx_word' id='word_1_181' title='bbox 0 0 1045 3216; x_wconf 95' lang='lat' dir='ltr'> </span> 
     </span>
    </p>
   </div>
  </div>
 </body>
</html>
