2068 3216
339 233 373 266 ou
388 232 595 266 Mauoananraus
611 220 629 267 Ι.
645 236 661 266 ‘2
710 243 713 267 ³

145 362 237 412 Lucani
254 362 345 411 Gaium
360 361 425 410 ferro
435 362 564 427 vperimunt
581 362 626 411 sibi
643 362 763 422 missum,

194 437 252 483 Post
268 434 333 484 hunc
345 433 569 482 Romulidasurbe
586 446 628 482 sua
644 433 757 499 positos;
795 443 797 448 '
857 453 891 475 200

148 506 271 556 Sannitem
285 504 350 570 fugit
365 505 459 564 Caesar,
477 506 585 554 Gneium
598 505 725 570 superavit

195 578 287 635 Picens,
304 588 327 624 at
344 577 576 626 MarsusRutilium
592 577 685 636 secuit3

146 649 254 716 Agmine
270 647 362 696 deletus
374 664 436 697 cum
451 659 505 697 toto
523 649 613 714 Caepio
629 649 716 697 consul
778 668 781 674 ’

195 720 254 769 Acri
270 720 373 779 Vestino
389 732 456 785 terga
472 733 596 786 premente
612 720 693 779 cadit3
764 724 808 765 ff

148 793 213 842 Hinc
229 791 330 851 Marius,
347 791 440 850 Caesar,
458 793 526 851 Cato,
543 790 841 852 Gneius,.Silla‚subactis
859 812 890 844 205

197 863 324 917 Omnibus:
333 863 382 922 his,
398 864 485 912 urbem
494 863 628 912 laetificant
643 863 765 929 trepidam
774 881 789 921 3¹

148 936 270 1001 Lugubtis
286 935 382 983 exuitur
398 951 462 1000 saga,
478 944 537 983 nam
550 946 609 1001 toga
627 936 731 983 sumitur
749 934 811 993 alba,

197 1008 308 1055 Clavatae
324 1006 431 1056 domitis*
440 1006 595 1058 hisredeunt
610 1007 713 1056 tunicae.
765 1021 766 1025 ’

149 1079 299 1127 Exoriuntur
314 1089 366 1127 tres·
378 1078 403 1127 in
419 1079 478 1126 caeli
493 1079 600 1128 cuimine
615 1078 687 1138 soles,
748 1103 749 1107 =
767 1109 769 1116 ι

198 1150 365 1215 Compingunt
377 1166 459 1211 unum
475 1151 518 1215 qui
534 1149 648 1199 coeundo
664 1149 784 1216 globum3

149 1221 302 1280 Romulidae,
318 1220 448 1270 coniectari
464 1221 524 1288 quid
540 1238 577 1270 res
594 1239 620 1270 ea
636 1222 719 1288 magni

199 1293 283 1359 Signet
299 1292 359 1341 dum
374 1305 506 1360 nequeunt,
523 1305 586 1342 stant
601 1293 687 1349 animis
705 1293 812 1357 stupidi:

150 1366 265 1427 Quorum
281 1377 349 1432 cepta
364 1365 590 1414 ttiumdorninatio
607 1366 667 1414 dura
682 1365 795 1413 virorum

198 1435 292 1485 Multos
306 1436 449 1503 proscripsit
465 1437 592 1504 exicioque
607 1437 682 1496 dedit,

150 1510 285 1573 Augustus,
301 1508 416 1574 Lepidus,
432 1524 546 1559 necnon
559 1509 691 1568 Antonius,
707 1507 780 1559 huius

199 1579 267 1629 Trini
283 1592 407 1628 consortes
424 1579 520 1646 imperii
535 1580 637 1629 fuerant.

150 1651 233 1700 Exilio
248 1651 354 1718 Lepidus
370 1651 440 1717 perit,
457 1652 516 1699 alter
532 1652 631 1717 cuspide
646 1651 735 1710 fossus,

198 1723 313 1772 Vindicat
329 1724 456 1789 Augustus
473 1723 538 1772 orbis
555 1723 585 1772 ab
601 1723 638 1775 his
656 1723 702 1772 sibi
717 1724 762 1771 ius.

151 1796 175 1844 A
190 1794 273 1860 caligis
291 1796 367 1849 Gaius
384 1795 426 1859 qui
442 1811 581 1860 cognomen
597 1794 643 1844 sibi
660 1794 770 1860 sumpsit,

199 1867 318 1915 Pessimus
335 1877 359 1914 et
373 1866 452 1914 foedis
469 1866 600 1931 implicitus
616 1867 695 1926 viciis,

152 1938 261 1986 Merebat
278 1955 319 1986 sua
334 1937 454 2003 prodigiis
472 1938 542 2004 quod
555 1938 762 2003 temporanullis,
783 1954 784 1958 ¹
853 1941 856 1955 ³

199 2010 274 2058 Nulla
290 2010 356 2058 clade
373 2011 439 2076 quati
455 2021 562 2058 cerneret
572 2010 697 2068 horribili,
807 2013 808 2016 ’

151 2082 227 2129 Iratus
243 2081 290 2129 toti
306 2082 375 2129 cuius
391 2081 506 2130 latissima
522 2083 589 2146 genti

199 2152 306 2217 Imperio
323 2152 393 2201 molli
410 2166 501 2217 sceptra
516 2153 620 2212 tenebat,
637 2153 670 2201 ait
681 2171 690 2201 εἸ

153 2242 167 2270 <<
177 2224 201 2271 O
216 2224 310 2272 utinam
325 2224 432 2290 populus
449 2225 569 2273 cervicem
583 2224 657 2272 ferrer
672 2224 712 2272 hic
728 2239 809 2281 unam,

201 2296 259 2343 Uno
275 2295 354 2344 decidi
370 2297 471 2345 vulnere
488 2313 549 2363 quae
564 2307 691 2361 poterat».

152 2366 251 2415 Mixtim
266 2383 323 2414 curn
338 2366 421 2432 pluvia
438 2367 552 2416 decaelo
567 2367 636 2415 fluxit
652 2366 755 2415 Atrebas

200 2440 264 2487 Lana
281 2439 354 2486 semel
370 2439 422 2487 veri
438 2439 533 2488 velletis
550 2450 574 2487 et
590 2440 664 2497 nivei,

153 2510 232 2559 Gallia
248 2525 335 2574 magna
344 2512 433 2569 tremit,
443 2527 517 2577 quam
524 2510 661 2559 Dardanius
672 2509 749 2576 quatit
758 2508 844 2566 hostis,
857 2523 858 2526 ’

200 2581 303 2629 Aduena
319 2582 362 2647 qui
379 2582 445 2630 sedes
462 2583 521 2647 legit
537 2583 563 2629 in
578 2582 622 2633 hac
638 2581 738 2632 habiles.

118 2758 148 2781 221
160 2745 236 2781 merebat
246 2761 263 2773 =
272 2746 364 2781 maerebat.
413 2759 444 2792 229
457 2760 509 2792 quam
520 2747 617 2781 Dardanius
628 2749 645 2781 in
652 2759 684 2781 ras,
693 2746 714 2781 al.
722 2758 763 2781 mari.
