2068 3216
798 158 827 189 10

317 229 351 261 nu
366 227 574 262 Mnuonanrrraus
591 213 634 261 IV.
654 217 666 259 8
830 159 844 206 9

284 356 285 360 ’
345 348 388 420 un
411 376 637 421 arnnamrrarn

481 480 493 522 a

135 572 217 621 Plures
234 571 344 638 captivos
361 570 411 619 dux
426 571 557 638 proposuit
573 571 729 620 redimendos

183 642 299 702 Annibal,
315 658 369 690 aere
379 641 437 690 dato
454 658 516 707 quos
533 639 631 691 redimit
647 641 752 703 Fabius;

135 717 215 764 Patres
232 714 262 763 de
278 713 365 780 sparsis
381 713 417 761 nil
432 715 558 763 restituere
573 714 678 775 talentis,

182 785 275 835 Vendit
289 785 323 835 ob
337 785 367 851 id
377 785 511 845 modicum,
527 786 570 853 qui
585 786 631 835 sibi
643 787 722 846 solus,
737 803 832 853 agrurn.

134 858 216 925 Apula
232 857 300 907 dives
317 869 366 906 erat
382 857 477 917 mulier,
494 859 643 924 cognomine
660 860 727 924 Basa,

181 930 280 978 Femina
296 929 413 978 Romanis
430 929 528 996 dapsilis
544 930 585 978 illa
602 930 666 989 satis,

135 1002 201 1049 Haec
216 1001 259 1049 alit
274 1002 300 1049 in
316 1002 392 1049 muris
409 1000 485 1049 denos
502 1001 589 1050 Fabios
607 1002 742 1062 Canusinis,

182 1073 314 1121 Cannensis
329 1088 427 1138 pugnae
442 1072 564 1139 relliquias
581 1072 697 1122 miseraess

133 1145 212 1192 Roma
228 1156 352 1193 commota
368 1144 491 1211 quatiente
506 1144 559 1193 fero
576 1145 688 1205 Catilina,

181 1216 308 1281 Agrorum
323 1215 414 1277 reditus
430 1217 527 1282 parcior
543 1216 653 1276 efficitur,

133 1287 182 1335 Vix
197 1287 237 1335 vel
253 1288 375 1336 maiorum
389 1299 486 1354 poterat
500 1288 640 1354 persolvere
656 1289 786 1356 quisquam

182 1358 286 1418 Credita,
302 1360 444 1426 postposito
460 1359 558 1407 faenore
573 1360 659 1425 pondo
677 1360 731 1420 sibi,

134 1430 246 1478 Creditor
262 1431 367 1496 exagitat
383 1448 425 1478 sua
441 1430 538 1479 debitor
553 1443 580 1479 ut
597 1431 643 1479 sibi
659 1431 751 1491 reddat,

181 1502 288 1551 Debitor
304 1514 400 1551 excusat
416 1502 516 1551 reddere
532 1519 589 1551 cum
604 1516 725 1568 nequeat;

133 1573 173 1621 Bis
190 1574 269 1622 decies
286 1586 384 1640 septena
400 1591 445 1622 suo
462 1575 573 1622 sestercia
588 1574 672 1623 faenus

182 1646 285 1712 Caprans
303 1644 429 1694 Confidius
446 1646 579 1694 crediderat
594 1646 698 1713 populo,

133 1716 216 1782 Exigit
231 1729 336 1782 angusto
353 1717 388 1765 nil
403 1717 494 1770 horum
508 1729 627 1784 tempore,
643 1730 698 1766 toto

181 1789 287 1836 Erunnis
303 1805 387 1856 presso
404 1789 545 1856 conpatiens
561 1789 665 1856 populo.

132 1858 228 1907 Attalus
244 1860 355 1908 astrictus
372 1861 488 1908 Romanis
505 1861 593 1908 mansit
608 1861 709 1920 amicus,

181 1932 227 1979 Cui
243 1931 309 1980 bello
326 1943 421 1999 captam
436 1932 594 1998 contribuunt
610 1933 710 1991 Asiam3

133 2002 244 2051 Munilici
259 2003 331 2068 plane
346 2015 441 2051 tantum
457 2020 561 2069 regnum
576 2003 683 2052 tribuere

180 2074 229 2124 Uni
245 2075 285 2122 cui
301 2076 377 2135 socio,
394 2091 481 2141 magna
496 2075 553 2123 licet
568 2076 664 2125 merito,

131 2146 253 2195 Invidiam
268 2146 365 2206 conflat,
382 2146 447 2195 bona
464 2147 506 2213 qui
523 2147 569 2195 sibi
584 2147 654 2214 plura
670 2159 784 2214 receptat,

181 2217 227 2267 Sed
243 2219 286 2283 qui
302 2218 414 2285 dispertit
429 2218 507 2283 gloria
522 2219 608 2266 crescit
624 2219 653 2267 ei.

131 2288 262 2338 Flaminius
277 2289 358 2356 plures
375 2290 427 2355 regi
443 2291 567 2338 Macetum
582 2290 639 2338 tulit
654 2290 735 2350 urbes,

180 2362 262 2425 Quem
276 2378 365 2410 vexans
382 2361 452 2410 bellis
468 2361 573 2427 fregerat
587 2362 708 2421 assiduis;

131 2433 250 2482 Histmica
265 2433 362 2482 visendi
378 2433 512 2499 spectacula
529 2433 617 2481 Grecia
633 2450 707 2481 causa¹

180 2506 309 2565 Convenit,
319 2517 362 2559 ,est
378 2505 465 2553 consul
480 2504 520 2552 hic
536 2521 636 2571 quoque
652 2505 802 2564 Flaminius;

131 2576 249 2644 Praecipit
263 2577 315 2644 ipse
332 2576 377 2625 sibi
392 2575 493 2642 prebere
509 2576 604 2624 silentia
619 2576 693 2642 plebi,
815 2583 816 2586 ’

95 2741 115 2774 16
127 2741 220 2775 Considius
232 2743 248 2775 in
262 2740 316 2775 Valer.
332 2742 388 2783 rllax„
404 2753 429 2783 tv,
446 2745 461 2782 Β,
478 2754 493 2785 3.
