2068 3216
178 153 226 197 282

443 237 561 271 missum
586 223 622 272 IV

177 367 201 414 O
217 365 294 424 Phile,
310 377 429 430 pertracta
445 365 528 415 delens
544 365 640 415 oblivio
657 378 743 415 cuncta

225 437 260 486 Te
276 437 356 486 delere
368 442 429 486 'meo
445 437 514 503 quod
529 438 615 502 nequit
631 437 766 487 exanimo.
821 437 823 440 ’

176 509 237 558 Esto
253 524 349 557 memor
364 509 488 568 memoris,
504 507 563 575 fuge
578 525 609 558 ne
625 509 729 558 mutatio
745 509 834 557 mentis

225 581 341 646 Extergat
356 584 491 629 memorem
505 592 605 645 pectore
621 580 652 629 de
667 592 759 631 tenero.
804 642 806 645 Α

176 653 201 700 O
217 669 292 717 quam
307 651 367 701 dura
382 651 444 700 latus
461 653 574 718 quatiunt
590 651 692 719 suspiria
707 664 828 711 nostrum,

225 724 300 789 Saepe
315 735 462 788 representat
478 736 502 772 te
518 723 564 772 sibi
580 723 640 772 dum
655 718 708 774 mea
724 724 809 773 mens!

177 797 201 844 O
217 807 258 844 tua
275 811 348 860 quam
363 794 453 844 crebris
470 795 531 844 mihi
546 795 661 844 noctibus
676 807 737 845 astat
752 796 844 861 imago,

224 866 300 915 Paulo
316 866 426 915 demissis
442 879 470 915 ut
485 866 531 915 tibi
546 883 601 916 mos
617 867 711 916 oculis!

176 939 267 987 Forsan
282 938 375 986 laeticia
390 955 442 986 non
458 938 516 987 reris
531 937 626 988 fervere
640 939 718 988 'multa

225 1010 275 1070 Me,
291 1021 333 1058 tua
349 1010 409 1058 dum
424 1021 523 1077 apparet
538 1010 603 1059 visio
619 1027 685 1072 cassa
699 1010 763 1059 licet.

177 1082 201 1130 O
218 1081 331 1146 quotiens
348 1093 452 1130 extrema
468 1081 504 1130 tui
520 1098 559 1130 me
575 1097 649 1147 regna
664 1082 754 1148 petisse

224 1153 345 1202 Paenituit
361 1170 431 1202 causa
446 1164 544 1218 tamque
560 1164 653 1202 remota
668 1153 730 1202 tibil

136 1254 138 1257 v
178 1226 203 1273 Ο
219 1224 279 1273 mihi
295 1224 451 1273 commissam
466 1225 580 1290 quotiens
596 1224 717 1274 dimittere
733 1240 816 1273 curam

224 1297 258 1345 Ut
273 1296 365 1345 fruerer
380 1296 450 1345 volui
466 1296 578 1345 dulcibus
594 1296 724 1362 alloquiis!

177 1368 275 1416 Elatum
291 1368 404 1433 quotiens
421 1384 460 1417 me
475 1367 588 1417 fortunae
603 1379 657 1416 rota
671 1368 738 1428 fecit,

225 1440 287 1488 Mox
301 1440 405 1500 animus,
422 1439 482 1489 dum
497 1451 521 1488 te
537 1440 612 1488 sensit
627 1439 718 1499 abesse,
734 1438 800 1497 ruit;

176 1512 229 1561 Nec
245 1527 284 1560 me
299 1512 448 1578 prosperitas
464 1511 569 1560 oblectat
586 1511 719 1577 quamlibet
734 1509 822 1577 ampla,

224 1583 259 1631 Ni
271 1582 345 1631 fuerit
360 1594 442 1632 tecum
456 1582 597 1650 participata
613 1582 681 1632 mihi.

178 1655 202 1704 Si
217 1653 316 1703 fortuna
331 1666 412 1703 rotam
427 1654 575 1704 converterit
590 1669 673 1720 aspera
687 1654 801 1712 uoluens,

225 1727 257 1774 Et
272 1738 381 1775 mentem
396 1725 480 1775 subeat
495 1726 606 1792 lugubris
622 1726 736 1785 anxietas,

177 1797 293 1846 Ruminat
304 1797 362 1847 haec
372 1798 476 1857 animus,
488 1814 503 1844 «
511 1814 563 1846 non
573 1808 597 1846 te
607 1798 675 1846 iuvat
686 1796 726 1845 hic
737 1796 885 1855 dominatus,

226 1869 349 1919 Sufficeret
364 1870 413 1918 cari
428 1869 493 1918 visio
510 1870 561 1918 sola
576 1869 643 1917 tui».
771 1866 772 1872 ’
837 1870 840 1881 ’“

176 1941 228 1989 Aut
244 1942 264 1989 si
280 1941 354 1990 corda
370 1952 455 2006 gravet
471 1940 597 2007 suggestio
612 1939 677 1989 forte
693 1939 788 1988 sinistra
886 1950 899 1986 f.
912 1953 944 1984 118

226 2013 338 2061 Securam
353 2024 460 2061 mentem
476 2029 537 2077 quae
552 2012 656 2060 titubare
671 2011 737 2071 facit,

177 2084 321 2142 Sollicitam,
339 2101 353 2131 <r
362 2084 422 2149 quid
436 2085 488 2150 agis
505 2083 516 2132 ?
531 2083 578 2132 nisi
594 2095 617 2132 te
633 2082 742 2132 sollercia
758 2081 855 2147 grandis

224 2155 276 2205 Aut
291 2154 390 2203 fortuna
405 2156 481 2214 iuvet,
497 2155 559 2204 risus
575 2156 622 2204 eris
637 2154 741 2221 populi;

176 2227 288 2293 Aedepol
304 2228 364 2275 alter
379 2226 451 2276 habet
467 2226 512 2276 tibi
528 2243 589 2292 quae
605 2226 692 2275 collata
707 2241 824 2283 recenses²

225 2299 264 2347 Tu
279 2298 325 2346 tibi
340 2298 457 2347 festinum
472 2300 521 2347 iam
535 2313 639 2365 propera
655 2297 777 2355 reditum;

178 2371 201 2420 Si
216 2370 262 2419 tibi
277 2370 388 2418 succedat
403 2370 489 2435 quis»,
504 2370 538 2418 ait
553 2386 629 2428 mens,
646 2386 699 2417 «ne
714 2384 787 2434 grave
802 2367 884 2426 ducaS,

224 2441 338 2507 Amplius
355 2452 391 2490 est
407 2442 455 2490 cari
471 2441 597 2490 sedulitate
611 2440 661 2489 frui
670 2459 691 2489 ».

177 2515 243 2563 Haec
258 2513 304 2562 tibi
319 2513 410 2578 digessi
425 2513 512 2562 claudo
529 2512 695 2562 modulamine
710 2510 745 2560 fili

224 2585 318 2634 Indicet
333 2584 447 2633 affectum
462 2601 512 2650 quo
529 2584 574 2633 tibi
591 2583 662 2632 Musa
678 2599 777 2641 meum;

142 2764 162 2787 10
180 2751 269 2797 (0).(culis)
287 2763 318 2786 ras.
368 2763 388 2795 ²9
406 2751 493 2793 habet:h
511 2759 589 2796 szprasrr.
639 2762 659 2794 30
678 2750 787 2793 (tarditas)
805 2761 838 2784 ras.
