2068 3216
775 130 824 192 167

218 218 254 252 ou
269 218 478 253 Muuounnmmus
495 204 549 252 Vll.
570 221 580 251 1
598 225 608 238 ·-
624 204 680 252 VH.
699 219 712 250 2

110 346 159 396 Hic
175 346 278 413 geminis
294 363 373 395 unum
389 346 469 396 bubus
486 346 593 396 sulcabat
609 346 724 412 agellum,

159 420 207 472 Lac
222 418 281 466 huic
296 434 348 466 non
364 418 470 467 multum
485 418 529 467 sed
544 417 592 467 sibi
608 417 726 467 suffitiens
736 436 749 484 ;„

106 488 206 539 Phebus
222 488 340 538 thesauris
357 505 416 539 auro
432 489 538 558 praefert
553 489 678 557 opulentis

160 561 280 625 Quamvis
297 561 414 626 exiguum
428 562 549 629 pauperis,
558 560 710 620 horreolum,
837 581 861 613 40

110 632 207 700 Ammis
223 632 344 682 Lidorum
360 650 402 682 seu
417 632 489 699 gleba
504 631 638 700 pinguibus
654 632 719 682 arvis

158 706 211 753 Iam
227 705 290 753 senis
306 703 380 771 Aglai
396 720 437 754 rus
454 704 536 770 breve,
551 704 589 753 lac
605 703 750 764 modicum;

111 775 213 825 Securus
229 775 317 842 tegetis
334 775 438 842 degebat
453 774 547 843 Aglaus
564 776 590 824 in
606 775 693 842 anglis,

159 849 212 897 Rex
226 849 290 897 curis
307 847 362 896 aula
376 847 463 914 plenus
479 849 506 896 in
521 847 626 914 egregia.

227 988 398 1034 SAPIENTER
413 988 512 1033 DICTA'
522 986 597 1032 AUT'
607 987 709 1033 FACTA
771 950 772 954 Ἰ

456 1116 470 1147 2

111 1207 236 1255 Romanos
254 1221 349 1273 semper
365 1205 491 1255 tractando
507 1206 607 1271 negotia
622 1205 715 1265 fortes,
741 1240 743 1242 »
778 1234 779 1237 =

159 1278 278 1342 Dumque
293 1288 380 1326 vacant
396 1277 491 1338 molles,
507 1277 604 1345 Appius
621 1278 673 1326 esse
688 1276 778 1327 refert:

112 1348 219 1411 «Quam
234 1349 266 1397 sit
281 1348 403 1398 iocundus
418 1350 485 1415 pacis
502 1360 577 1398 status
593 1347 687 1397 obtime
704 1349 802 1408 scimus,

160 1419 270 1470 Marcent
286 1419 379 1469 desidia
395 1420 438 1469 sed
453 1432 535 1469 tamen
549 1420 652 1488 imperia
660 1438 693 1480 »;

111 1492 181 1540 Dum
195 1491 281 1540 teritur
297 1492 392 1557 magnis
407 1493 489 1558 viguit
505 1508 542 1541 res
557 1490 656 1559 publica
672 1491 750 1552 bellis,
851 1513 858 1546 5

160 1563 266 1629 Languit
281 1563 340 1613 haec
356 1563 434 1623 deses,
450 1564 504 1612 ocia
520 1564 581 1613 dum
596 1574 698 1628 gereret.

111 1634 172 1684 Non
188 1634 276 1684 debere
292 1634 381 1684 ducem
396 1634 502 1684 verbum
516 1634 627 1702 proferre
643 1634 816 1702 «putabam»,

160 1707 253 1755 Proelia
270 1706 331 1755 dum
344 1707 447 1774 peragit,
466 1707 547 1774 Scipio
564 1723 667 1772 magnus
683 1706 725 1766 ait,

114 1777 218 1827 «Debet
234 1778 301 1826 enim
314 1777 389 1838 ferro,
407 1779 427 1827 si
444 1794 503 1844 quas
519 1794 557 1827 res
573 1777 655 1837 tradit,
671 1789 745 1827 acuto

160 1849 220 1898 Dux
234 1850 361 1916 explorato
373 1850 471 1907 tradere
486 1849 608 1908 consilio;
840 1871 862 1896 ιο

112 1920 263 1969 Commissus
279 1921 345 1970 bello
361 1938 414 1970 non
430 1933 466 1971 est
481 1919 625 1970 revocabilis
642 1936 725 1971 error:

164 1993 234 2055 Quae
249 1992 317 2041 ferro
331 2007 416 2059 pecces
433 2010 485 2041 non
501 2007 616 2042 revocare
630 2004 720 2059 potes;

113 2064 143 2112 Se
158 2063 205 2111 nisi
220 2063 272 2113 fors
287 2064 355 2113 ultro
371 2064 473 2124 dederit,
488 2079 599 2131 pugnare
615 2075 710 2123 caveto,

162 2135 217 2184 Sive
232 2152 330 2185 necesse
345 2135 391 2184 tibi
407 2136 491 2185 durius
507 2135 627 2194 incubuit,

111 2205 164 2254 Aut
179 2206 288 2272 ingratus
305 2208 351 2256 eris
367 2207 480 2256 fortunae
497 2208 517 2255 si
533 2223 601 2257 secus
617 2206 672 2266 ibis,

160 2277 213 2327 Aut
227 2290 252 2327 te
268 2278 391 2328 submittis
407 2278 520 2328 hostibus
535 2279 588 2345 ipse
604 2278 684 2345 tuis».

112 2348 201 2398 Diruta
217 2350 340 2416 Carthago
354 2350 441 2411 fuerat,
457 2361 586 2399 cunctante
602 2348 714 2409 Metello,

162 2420 257 2470 «Anne
274 2422 369 2471 salubre
384 2422 438 2482 tibi,
455 2424 542 2482 Roma,
559 2422 598 2481 sit,
614 2437 725 2486 angor»,
742 2421 783 2480 ait,

114 2493 267 2542 «Exanimes
282 2494 354 2542 Italas
371 2493 436 2543 vires
452 2494 601 2543 animaverat
616 2492 686 2552 Afer,

161 2564 281 2613 Aemulus
297 2565 422 2631 urgendus
438 2582 469 2613 ne
484 2576 585 2631 pereant
600 2565 661 2624 alius
670 2582 693 2613 ».
841 2586 863 2610 20

78 2741 95 2773 a,
110 2736 158 2777 17·18
170 2735 187 2768 in
198 2743 230 2768 ras.
241 2732 263 2767 al.
275 2743 316 2766 man.
