2068 3216
125 131 156 177 30

309 204 342 238 nn
358 203 565 238 MEMoxnsrnrnus
580 190 611 238 Π.
631 207 641 238 1

122 329 252 399 Quamque
268 331 396 398 giganteus
411 332 504 399 limpha
520 343 626 381 cessante
641 333 753 400 popellus

170 403 260 462 Erexit,
278 418 374 470 sperans
390 403 508 470 prendere
524 403 600 453 caelsa
614 405 675 471 poli.

121 474 179 522 Post
195 474 302 523 multum
317 486 412 541 tempus
429 475 546 524 cincxisse
563 475 699 524 Semiramis
715 476 801 525 urbem

169 546 248 596 Muris
264 546 392 595 coctilibus
409 546 470 595 hanc
486 547 574 595 mulier
588 548 693 613 legitur:

121 617 188 666 Nam
201 632 248 684 pro
265 629 390 666 caemento
407 630 533 686 compacta
548 618 667 668 bitumine
683 620 755 668 turris

169 688 230 739 Non
245 690 330 739 habuit
345 689 437 756 lapides
453 689 510 738 urbs
527 707 606 757 neque
623 691 664 739 sed
680 691 772 740 lateres

120 760 154 810 At
170 777 219 821 rex,
236 762 279 830 qui
293 761 369 828 paleis
386 763 490 828 septenis
506 762 612 827 pascitur
627 763 704 823 annis,

168 831 277 900 Ampliat
293 851 323 882 ex
338 833 420 882 multis
437 834 503 882 orbis
520 850 573 882 eam
589 835 680 900 spoliis.

119 902 227 953 Assirios
243 907 336 972 primus
352 905 513 972 praesumpsit
530 904 631 955 subdere
648 906 728 965 Belus,

168 974 211 1025 Isti
228 977 341 1026 successit
357 977 437 1026 Ninus
454 994 484 1025 eo
500 977 612 1042 genitus:

120 1045 213 1097 Urbem
227 1048 341 1098 fundavit
355 1049 458 1115 proprio
475 1048 505 1097 de
520 1049 620 1097 nomine
636 1065 678 1097 rex
693 1049 740 1108 hic,

128 1153 130 1156 >
168 1120 245 1169 Paene
262 1120 308 1169 sibi
323 1119 535 1168 totamzsubitiens
550 1119 641 1170 Asiam.
663 1159 675 1163 „
827 1131 840 1166 f.
853 1143 890 1177 13v‘

119 1188 214 1256 Regnat
230 1194 262 1241 eo
277 1193 326 1241 telo
342 1204 459 1257 pereunte
476 1192 612 1240 Semiramis
628 1207 697 1251 uxor,

167 1263 238 1312 Fines
253 1264 294 1313 illa
311 1264 348 1312 sui
364 1263 470 1330 duplicat
485 1263 589 1329 imperii,

118 1335 253 1400 Aethiopes
270 1351 384 1401 superans
401 1336 462 1383 acies
479 1335 562 1384 eduxit
577 1336 603 1383 in
618 1335 702 1394 Indos,

168 1407 238 1470 Quos
255 1419 281 1461 et,
295 1406 432 1456 Alexander
448 1406 541 1456 Bachus
558 1418 581 1455 et
597 1406 712 1455 obtinuit.

118 1478 225 1527 Ultimus
241 1478 340 1527 Assiriis
356 1479 467 1544 regnavit
484 1478 655 1544 Sardanapalus

166 1550 309 1599 Femineum
323 1550 405 1599 mollis
422 1550 553 1617 suscipiens
570 1549 687 1610 habitum,

118 1621 279 1686 Pregnantem
294 1622 378 1671 fusum
392 1622 502 1671 lanarum
517 1637 591 1687 pensa
606 1621 725 1674 trahendo

166 1694 232 1742 inter
248 1695 327 1742 scorta
339 1704 406 1742 rotat
422 1704 582 1759 extenuatque
598 1694 697 1752 colum3

118 1765 222 1813 Horruit
237 1764 285 1814 hoc
300 1766 356 1814 viso
372 1765 452 1814 Medis
468 1765 603 1831 praefectus
619 1765 650 1814 ab
665 1766 728 1831 ips0,

165 1837 195 1884 In
211 1836 299 1886 Medos
316 1853 385 1885 caeso
402 1848 494 1901 sceptra
510 1836 583 1885 refert
598 1835 683 1896 fatuo;

117 1908 205 1956 Donec
220 1908 333 1973 Astiages
348 1919 406 1974 post
422 1909 515 1957 saecula
530 1909 604 1974 longa
619 1919 747 1973 praeesset,

166 1980 307 2044 Regnarunt
323 1980 413 2038 Maedi,
431 1996 504 2047 quem
519 1995 642 2045 pronepos
658 1979 769 2044 pepulit;

117 2051 155 2099 Ac
172 2088 308 2101 ......
330 2068 368 2099 sae
384 2063 485 2117 regnant
501 2051 549 2103 lroc'
565 2062 659 2116 tempus
676 2051 791 2117 adusque.

166 2122 227 2171 Tunc
241 2140 325 2189 regum
339 2123 421 2172 nullus
437 2123 474 2171 ius
491 2122 576 2174 habuit
591 2122 715 2188 populus:

117 2194 210 2242 Bactria
226 2211 251 2243 se
267 2195 319 2260 regi
334 2195 442 2259 primum
458 2194 546 2243 subicit
563 2194 695 2253 Zoroastri,

164 2265 231 2314 Artis
247 2266 392 2315 adinventor
408 2266 487 2314 extitit
503 2266 542 2314 hic
558 2266 664 2330 magicae

117 2336 230 2385 Summus
247 2349 271 2386 et
286 2338 432 2403 astrologus,
448 2338 543 2386 victum
557 2338 686 2385 certamine
702 2336 782 2404 Ninus

159 2408 234 2473 Quem
249 2426 292 2458 rex
306 2410 332 2456 in
348 2409 414 2458 bello
429 2409 570 2474 transadigit
586 2408 675 2474 gladio.

21 2500 40 2533 35
115 2480 225 2544 Egiolee,
242 2480 287 2529 tibi
302 2480 384 2545 plebes
402 2480 484 2529 subdis
503 2481 612 2539 Sicionis,
684 2527 688 2531 ,

162 2551 222 2600 Pars
236 2560 279 2600 tua
295 2552 358 2600 dicta
373 2552 421 2600 fuit
437 2552 535 2617 Egialea
549 2553 625 2618 prius,

78 2679 97 2711 25
110 2668 190 2704 horruit:
202 2669 214 2703 h
224 2676 303 2713 suprascr.
353 2681 373 2713 29
388 2669 482 2714 (ac)...(sae)
496 2670 526 2714 legi
538 2681 567 2703 noa
577 2675 636 2713 potest.
685 2681 705 2714 30
719 2669 824 2714 (tl....(gum)

43 2715 175 2761 leginonpotest.
225 2728 246 2761 34
258 2743 293 2752 ......
295 2717 327 2761 (in)
338 2717 368 2761 lagi
377 2728 406 2751 nan
413 2723 471 2761 potest.
521 2717 541 2761 36
553 2717 612 2760 ....(ua)
623 2717 653 2761 legi
661 2728 690 2751 aon
696 2723 755 2762 potest.
