2068 3216
803 158 832 203 13
841 157 850 188 1

277 229 312 262 un
327 228 536 262 MEMORABILIBUS
552 215 582 262 V.
601 230 616 274 4
632 243 641 251 ·
657 213 688 260 V.
709 231 717 274 5

143 356 305 406 Praeveniunt
321 356 407 405 horam
423 358 499 406 Poeni
516 372 573 405 cum
588 356 673 404 fraude
690 367 811 414 statutam,

193 428 258 476 Hinc
275 428 422 492 Cyrenenses
438 429 490 477 iure
506 427 591 477 dolent
607 427 729 493 graviter:

146 518 160 546 «
172 499 301 549 Terminus
312 498 383 560 hic»,
396 500 472 559 aiunt,
487 515 643 564 «numquam
652 499 724 548 vobis
735 498 856 547 tribuetur

192 571 227 621 Ni
242 582 314 620 testes
331 583 425 620 vestros
441 572 554 638 protinus
570 570 728 620 infodimus»
742 588 749 629 ;

144 642 219 691 Grata
236 642 345 708 germani
361 643 513 692 concaedunt
529 654 610 692 mente
626 642 721 692 Phileni
858 663 890 696 195

191 714 269 781 Inque
285 713 339 763 fodi
355 715 428 763 vivos
445 732 470 763 se
485 715 611 781 patiuntur
626 714 668 763 ibi.

218 855 262 898 DE
283 854 456 898 PARENTUM
474 854 587 899 AMORE
602 855 636 899 IN
651 855 781 899 LIBEROS

492 983 499 1026 5

144 1072 203 1122 Nati
219 1072 355 1138 decrepitus
372 1089 424 1120 non
440 1072 517 1120 tardat
533 1073 670 1121 Rutilianus

193 1144 290 1211 Bellum
304 1145 398 1209 legatus
415 1143 445 1192 ad
462 1143 565 1192 dubium
580 1143 649 1203 fieri;

145 1214 284 1282 Quinquies
300 1215 340 1263 hic
356 1216 443 1264 consul
458 1215 544 1275 fuerat,
560 1216 609 1264 iam
625 1215 713 1264 talibus
730 1216 798 1265 annis

194 1287 250 1336 Plus
266 1286 374 1336 obtanda
390 1287 459 1354 quies
476 1303 550 1354 quam
564 1286 660 1336 fuerant
676 1287 747 1347 acies,

144 1359 200 1424 Ipse
215 1359 408 1425 triumphantem
423 1369 553 1407 contentus
570 1373 636 1426 equo
651 1359 790 1418 comitatur,

193 1432 223 1479 In
238 1446 312 1479 curru
328 1446 411 1478 seeum
427 1445 502 1497 quem
516 1430 609 1479 tociens
625 1430 720 1479 tulerat.

146 1502 252 1550 Abdicet
267 1513 295 1550 ut
311 1513 397 1550 natum
412 1502 506 1550 Caeseti
522 1503 608 1550 Caesar
623 1513 732 1551 amatum

194 1574 313 1641 Praecipit
329 1584 353 1622 et
370 1573 475 1640 spondet
491 1572 645 1639 magnificare
661 1573 733 1634 dum,

146 1646 261 1710 Regnum
276 1645 396 1694 affectanti
411 1644 490 1693 fuerat
506 1645 640 1694 contrarius
656 1645 692 1694 illi

196 1717 296 1784 Quippe
312 1715 424 1765 tribunus
442 1727 491 1765 erat
507 1732 612 1784 cumque
622 1716 753 1765 'Morulfus
770 1734 809 1776 eo,

145 1788 230 1855 Inquit
247 1788 351 1848 Cesetes,
368 1787 485 1837 «auferre
500 1788 568 1854 prius
584 1800 655 1855 potes
672 1805 758 1837 omnes

194 1861 280 1909 Unum
295 1860 326 1908 de
341 1859 404 1908 natis
421 1876 495 1927 quam
510 1859 585 1908 michi
601 1859 762 1909 sustulerim»
776 1877 782 1918 ;

148 1931 225 1979 Totus
243 1930 364 1980 Caesareis
380 1942 430 1979 erat
446 1930 512 1980 orbis
530 1931 641 1980 subditus
657 1932 738 1991 armis,

194 2002 292 2051 Affectu
307 2002 358 2051 nati
374 2002 467 2069 respuit
483 2003 523 2051 hic
539 2003 624 2052 subici

148 2074 225 2123 Saevo
241 2074 393 2141 proscriptus
409 2073 488 2123 fuerat
503 2075 553 2122 iam
567 2074 648 2123 iudice
663 2074 761 2134 Balbus,
873 2096 893 2129 ις

195 2146 295 2212 Iamque
311 2146 426 2194 triumuir
441 2161 499 2194 eum
514 2146 612 2195 miserat
627 2147 742 2206 interimi,

147 2218 315 2283 Egressusque
331 2217 437 2266 domum
451 2217 550 2283 postico
565 2218 629 2266 clam
643 2217 722 2266 fuerat
737 2217 793 2277 iam,

197 2290 228 2336 Et
244 2288 293 2337 iam
308 2287 400 2338 furtiua
416 2300 529 2355 coeperat
544 2289 579 2338 ire
594 2289 661 2355 fuga,

147 2361 263 2409 Personat
279 2361 390 2408 occisum
404 2359 468 2409 falso
483 2360 573 2408 vicinia
589 2372 681 2420 natum,

197 2431 278 2480 Eiulat
294 2443 367 2498 atque
383 2431 488 2480 domum
502 2432 613 2497 lugubris
630 2431 774 2498 ingreditur,
874 2454 897 2476 20

147 2503 253 2552 incurrit
269 2503 347 2552 diram
363 2519 438 2569 quam
452 2502 549 2568 fugerat
565 2514 620 2552 ante
636 2503 780 2562 macheram,

196 2576 328 2623 Inventum
342 2574 415 2623 lictor
431 2587 490 2623 mox
505 2575 627 2640 iugulavit
643 2590 706 2624 eum.

112 2751 127 2784 5,
141 2751 160 2783 13
172 2748 208 2775 erat
220 2740 267 2774 orbis
278 2742 295 2774 ia
306 2751 338 2774 ras.
350 2739 372 2774 al.
384 2751 425 2774 man.
