2068 3216
177 166 178 170 ,
208 121 256 168 186

380 210 414 243 nu
430 209 636 243 MEMoaasmmus
653 196 707 243 VH.
726 212 740 256 7

203 335 334 402 Participes
351 337 487 385 testamenti
503 336 598 385 fuerant
614 336 665 386 duo
682 338 740 386 clari

253 408 365 456 Sextilius
382 408 476 474 generis
493 408 651 475 Popiliusque
663 409 731 468 ⁴viri;

204 479 294 537 Marce,
311 479 404 528 tribum
419 481 500 546 patrui
517 478 637 529 Sufenatis
653 480 709 529 licet
724 482 807 540 intres,

253 551 373 613 Quamvis
385 552 492 618 ¹Pompei
508 551 602 600 viribus
619 551 654 600 hii
669 552 752 611 validi,

204 622 323 688 Principis
340 634 363 671 et
380 621 466 688 Magni
482 622 510 672 fit
526 640 591 671 cassa
606 623 731 689 patrisque
747 624 869 682 voluntas,

254 696 286 742 Et
302 694 380 742 tribus
397 695 502 761 expulsis
519 706 606 743 cuncta
621 695 697 762 patris
713 695 808 762 recipis.

206 765 376 824 Exheredavit,
393 765 440 814 sibi
456 783 531 833 quem
546 766 660 815 Petronia
675 768 766 815 coniux

253 837 377 902 Legitime
389 839 492 904 peperit,
508 838 654 905 progenitor
670 837 796 897 Thecium,

205 909 286 957 Divus
303 908 402 957 decreto
417 910 457 957 cui
473 909 571 976 praedia
587 921 673 958 cuncta
690 909 798 975 benigno
919 918 979 963 tur

254 980 371 1029 Reddidit
386 980 523 1046 Augustus,
540 997 602 1049 quae
617 992 686 1049 pater
701 981 839 1030 abstulerat.

207 1052 324 1118 Septiciae
341 1052 452 1100 Thracali
468 1052 551 1101 matris
568 1064 625 1101 sunt
640 1052 724 1102 fraude
741 1053 840 1119 repulsi,

254 1123 347 1173 Nubsit
362 1123 475 1173 Publicio
491 1141 553 1190 quae
568 1136 681 1173 veterana
698 1124 757 1183 seni,

206 1196 315 1244 Nomine
331 1196 371 1244 cui
388 1195 453 1244 dotis
471 1212 532 1261 quae
547 1195 658 1262 possidet
673 1197 757 1244 omnia
773 1195 854 1255 tradit,

255 1269 289 1316 Ut
306 1284 377 1332 maga
393 1267 427 1316 sic
443 1268 505 1316 natis
523 1267 638 1315 Colchica
654 1284 710 1316 seva
726 1268 793 1326 suis;

206 1339 230 1386 A
246 1339 328 1404 pueris
345 1339 424 1387 aditus
441 1355 484 1387 sua
499 1338 606 1387 reddidit
622 1339 705 1388 omnia
722 1340 816 1397 Caesar,
854 1353 855 1356 ’

256 1410 348 1458 Omnia
364 1411 487 1476 quassavit
503 1426 565 1476 quae
580 1410 669 1458 mulier
685 1411 784 1469 statuit;

207 1482 284 1548 Inpia,
301 1481 394 1541 confer,
411 1499 479 1541 anus,
496 1498 540 1530 cur
556 1482 649 1548 spernis
666 1498 729 1548 quos
746 1481 860 1547 genuisti,

256 1553 337 1602 Nubis
354 1566 378 1602 et
394 1552 467 1602 effeto
483 1554 576 1602 viscere
591 1554 688 1618 iamque
705 1553 756 1602 seni
772 1553 783 1601 ?

208 1625 258 1673 Cur
274 1626 323 1672 iam
337 1625 460 1691 pollincto
476 1625 569 1690 subigis
585 1636 609 1673 te
625 1625 674 1673 iam
689 1624 843 1683 tumulando,

256 1698 331 1746 Aetas
348 1697 454 1746 marcida
470 1697 519 1745 iam
535 1713 592 1744 cum
608 1708 649 1744 tua
665 1712 787 1761 curvaque
804 1696 836 1744 sit
852 1696 867 1744 ?1

208 1768 342 1834 Progenuit
358 1780 428 1817 natos
444 1768 506 1817 civis
523 1768 663 1816 Terrentius
679 1780 746 1828 octo,
790 1782 791 1785 ’

258 1840 353 1888 Educat
369 1840 414 1888 hos
432 1856 517 1888 ornnes
534 1851 562 1887 ut
577 1840 632 1906 pius
648 1839 690 1887 ille
705 1851 789 1906 pater;

210 1912 260 1961 Sub
277 1923 422 1960 testamento
440 1927 523 1978 sospes
541 1928 583 1959 sua
598 1910 698 1959 tradidit
714 1910 765 1969 uni,

258 1983 415 2031 Exheredatis
431 1982 536 2050 insipide
552 1982 668 2049 reliquis3

210 2056 286 2103 Heres
304 2054 347 2119 qui
362 2055 458 2103 iuvenis
474 2066 569 2121 patrem
583 2053 717 2119 fratresque
733 2047 856 2110 removit,

259 2126 330 2175 Solus
348 2143 464 2174 concesso
481 2127 533 2175 iure
548 2125 598 2173 frui
614 2125 735 2192 cupidus;

211 2198 322 2247 Tandem
337 2199 453 2246 Pisonem
467 2210 536 2264 pater
552 2197 682 2264 implorare
699 2208 805 2255 coactus,

259 2269 353 2318 Consul
369 2280 427 2328 erat,
443 2270 494 2317 nati
509 2267 637 2336 perfidiam
652 2268 742 2327 retulit,

210 2340 254 2389 Ille
269 2340 410 2389 facultatem
425 2340 512 2389 tribuit
527 2339 618 2388 nudare
634 2355 752 2406 rapacem,

259 2413 313 2461 Nec
328 2424 400 2461 testes
417 2412 478 2477 legis
495 2427 593 2477 surgere
609 2427 678 2459 more
694 2412 759 2459 sinit.

212 2484 328 2532 Obtinuit
345 2484 430 2532 Gallus
447 2483 552 2549 Magnae
569 2482 654 2531 Matris
671 2482 777 2532 Neviani
841 2512 843 2516 .

114 2577 139 2608 50
260 2557 290 2604 ln
306 2555 371 2603 bona
388 2554 502 2603 substitui
518 2555 618 2603 nornine
635 2554 775 2612 Genutius;

175 2733 195 2765 37
207 2721 307 2765 pollincto:
319 2721 325 2755 l
336 2728 415 2765 suprascr.
424 2721 446 2755 al.
456 2733 496 2755 man.
