2068 3216
109 2497 130 2521 10

204 201 253 246 134
334 273 368 305 DE
384 272 592 306 arauonnsrrraus
608 258 639 306 V.
657 257 671 305 6
688 286 697 292 -
714 258 744 305 V.
763 274 777 318 7

248 399 346 448 Aurum
362 399 423 449 dum
439 415 517 448 sacrae
532 400 672 466 praetulerit
687 401 786 467 patriae,

201 471 266 520 Hinc
282 471 308 519 in
323 471 459 538 porticibus
476 471 597 520 domuum
613 488 674 539 quae
690 471 736 519 rite
751 472 870 531 locantur,

249 543 308 593 Nati
323 554 351 590 ut
366 543 464 592 virtutis
481 543 529 591 sint
544 559 665 592 memores
681 543 779 609 patriae.

202 614 315 663 Cimbros
324 630 381 662 cum
387 614 501 680 fugerent
509 615 602 682 equites
610 614 724 663 Athesim
731 631 798 663 secus
807 630 912 674 amnem,

250 686 356 734 Consule
373 685 470 735 deserto
485 686 588 753 turpiter
603 686 651 735 heu
668 686 764 745 Catulo,

200 757 284 816 Filius,
300 774 318 805 o
332 757 423 824 patriae
443 758 549 817 culmen,
565 769 630 817 tuus,
646 757 740 806 obtime
758 758 852 816 Scaure‚

249 829 395 895 Participem
409 828 496 878 foedae
513 846 537 878 se
552 828 611 877 facit
627 846 678 878 esse
693 829 783 895 fugae;

200 900 270 949 Dicis
285 900 317 948 in¹
327 916 458 949 occursum
474 902 536 949 eaesi
552 912 673 966 gratanter
688 902 787 960 iturum,

251 973 333 1034 Quam
349 972 499 1021 desertorem
514 973 636 1039 suscipere
651 972 808 1032 incolomem,

203 1043 250 1092 Sed
266 1044 323 1110 quia
340 1043 470 1110 degenerat
486 1045 592 1092 Romam
607 1060 713 1093 remeare
728 1055 855 1110 pavescat:

249 1115 328 1164 Audit
344 1115 405 1164 dum
419 1115 514 1164 iuvenis
532 1133 556 1164 se
573 1115 656 1181 gladio
669 1115 776 1181 perimit.

201 1186 281 1235 Aulus
298 1204 323 1236 se
339 1187 450 1252 genitum
461 1187 596 1245 vCatilinam
612 1198 833 1254 spontesecutum,

249 1258 354 1323 Ingenio
369 1258 450 1307 forma
466 1270 599 1324 grammate
615 1260 783 1326 conspicuum,

202 1331 240 1378 Ex
255 1330 306 1378 acie
322 1341 428 1389 revocat,
445 1330 527 1378 dicens
544 1329 662 1379 mucrone
677 1330 790 1389 trucidat,

251 1403 342 1461 «Non,
360 1402 470 1461 Catilina,
487 1401 533 1450 tibi
549 1402 591 1450 sed
607 1402 697 1467 patriae
713 1402 819 1467 genui».

239 1590 283 1634 DE
298 1590 535 1634 MODERATIONE
550 1590 680 1634 PATRUM
694 1591 729 1654 IN
744 1591 873 1635 LIBEROS

514 1742 528 1787 7

202 1832 277 1881 Filius
295 1848 349 1880 ecce
364 1843 433 1880 tuam
448 1843 598 1898 stupraverat
613 1832 679 1898 inpie
695 1844 805 1898 nuptam,

251 1904 276 1952 Ο
293 1903 367 1963 Gelli,
384 1919 470 1952 censor
486 1903 529 1967 qui
544 1902 623 1951 fueras
640 1904 713 1952 etiam
722 1922 729 1963 ;

203 1975 252 2024 Hic
267 1987 291 2023 te
306 1986 364 2041 post
378 1973 482 2023 foedum
497 1974 578 2023 voluit
594 1974 732 2041 disperdere
749 1986 868 2042 stuprum,

252 2046 389 2095 Excusandi
406 2063 430 2094 se
447 2046 487 2094 cui
502 2046 589 2095 tribuis
607 2047 719 2113 spatium,

203 2118 352 2167 Criminibus
368 2118 444 2167 solvis
461 2117 574 2166 muliebri
590 2117 664 2166 corde
680 2118 793 2177 remissis,

252 2190 365 2238 Extiterit
381 2189 470 2255 dignus
487 2206 544 2237 cum
560 2189 662 2254 geminis
679 2189 799 2238 crucibus.

203 2260 287 2319 Filius,
304 2262 429 2320 Hortensi,
445 2260 491 2309 tibi
507 2260 579 2309 sorde
595 2261 693 2309 madens
709 2260 757 2308 fuit
773 2261 850 2320 omni,
915 2269 961 2313 [58

252 2333 316 2382 Cum
330 2332 405 2380 fueris
421 2333 488 2381 Lacii
502 2344 530 2380 tu
546 2333 612 2380 nitor
627 2332 751 2399 aeloquii;

203 2404 296 2454 Vivens
313 2403 427 2453 heredem
442 2404 487 2452 tibi
503 2403 621 2470 praecipis
638 2420 689 2452 esse
704 2414 828 2470 nepotem,

251 2475 319 2525 illius
335 2476 413 2524 invisa
428 2490 474 2542 pro
491 2475 536 2524 tibi
551 2475 668 2542 nequitia,

205 2547 252 2596 Sed
267 2547 323 2595 licet
338 2548 364 2595 in
380 2548 431 2595 vita
446 2547 529 2596 iubeas
546 2545 602 2606 hoc,
618 2558 675 2612 post
691 2558 732 2594 tua
748 2545 797 2594 fata

252 2618 375 2667 Heredem
390 2630 475 2671 natum
490 2618 580 2684 linquis
596 2629 621 2665 at
636 2618 785 2666 inmeritum.

166 2795 183 2826 t,
197 2784 391 2828 1(eoee)..(tuam)ras.
441 2794 459 2817 11
473 2783 544 2827 (fa).(ta)
555 2794 588 2817 ras.
