2068 3216
212 154 260 203 166

381 244 415 276 DE
431 243 638 277 MEMORABILIBUS
654 230 710 278 VII.
730 246 749 293 ¹1¹

209 370 300 420 Felices
316 370 401 420 habuit
417 387 549 438 generosus
564 371 742 438 progenitores,

258 441 332 491 Urbis
348 442 391 508 qui
406 443 480 509 primi
496 439 643 493 Romulaeae
658 442 756 503 fuerint,

209 513 317 562 Perraras
333 513 409 562 animi
424 513 494 563 dotes
510 515 623 580 viresque
639 514 717 564 labori

257 585 326 634 lusto
343 601 402 651 quas
418 584 510 637 habiles
527 586 637 654 corporis
654 603 705 636 esse
720 587 807 653 putes!

210 657 279 705 Uxor
294 657 317 706 ei
332 655 437 706 fecunda
451 657 507 717 fuit,
523 657 641 718 formosa,
656 658 753 726 pudica,

259 728 374 777 Obtinuit
390 745 515 778 summum
529 729 637 778 consulis
653 729 790 796 imperium,

209 799 280 848 Albis
296 811 380 849 vectus
397 801 465 868 equis
482 817 554 849 curru
571 800 681 850 sublimis
698 800 799 861 eburno,

257 871 328 921 Auro
343 871 456 937 fulgorus
472 872 597 939 plausibus
614 872 748 940 excipitur3

211 943 325 992 Consulis
341 954 369 992 ut
384 942 460 993 fasces
477 955 588 1010 gererent
603 956 674 1002 natos
691 945 776 1010 genuit
791 956 848 1004 tres,

259 1016 291 1064 Et
307 1026 406 1083 quartus
422 1031 517 1074 censor,
534 1026 635 1082 questor
650 1027 675 1065 et
690 1032 753 1065 unus
769 1027 820 1066 erat
829 1033 840 1075 ;¹

210 1086 269 1135 Tres
285 1087 381 1136 fuerant
397 1098 467 1136 natae
484 1087 527 1136 sed
543 1098 567 1136 et
583 1087 656 1136 haeae
672 1087 734 1136 bene
750 1088 919 1153 morigeratae,

259 1158 325 1221 Quas
341 1158 446 1208 totidem
461 1159 530 1208 claris
546 1158 646 1207 tradidit
661 1159 713 1226 ipse
728 1159 787 1223 viris
798 1177 807 1219 ;v

210 1230 277 1278 Heae
291 1231 367 1298 patris
383 1230 409 1278 in
425 1230 520 1297 gremio
537 1230 650 1279 sobolem
664 1244 753 1299 pepore
769 1230 913 1289 decentem‚t

259 1301 341 1364 Quam
355 1302 421 1350 iuxta
437 1317 518 1351 mores
534 1301 615 1351 erudit
629 1302 671 1351 ille
687 1318 761 1361 suos;

209 1372 270 1422 Non
280 1373 358 1439 quatit
368 1371 434 1422 hunc
444 1373 558 1439 gemitus,
568 1390 621 1422 non
631 1373 712 1422 turbat
722 1373 826 1440 lugubre
835 1371 919 1431 funus,

258 1445 397 1494 Occurrunt
412 1445 492 1494 nullae
507 1446 609 1494 vulnera
624 1445 745 1506 tristiciae,

209 1516 301 1565 Ultima
317 1533 392 1582 quem
406 1528 538 1584 postquam
554 1516 636 1583 coepit
650 1532 750 1567 curuare
767 1527 884 1575 senectus,
918 1540 923 1564 a

257 1586 348 1637 Deficit
363 1588 426 1637 inter
441 1599 479 1637 tot
494 1589 599 1655 pignora
615 1604 667 1636 cara
684 1587 738 1647 sibi,

209 1659 269 1708 Non
285 1659 400 1727 equidem
414 1660 493 1725 longo
510 1660 636 1727 depressus
654 1676 696 1708 seu
708 1675 785 1725 grave
801 1659 898 1717 morbo⁵
922 1687 928 1710 ε

257 1731 356 1780 Viscera
370 1732 511 1799 perstrictus
528 1730 570 1780 sed
587 1731 655 1796 quasi
670 1730 737 1790 febre
752 1731 817 1790 levi3

209 1801 303 1852 Urbem
316 1817 361 1870 per
375 1803 501 1870 propriam
517 1802 620 1869 scapulis
636 1801 744 1851 defertur
758 1802 850 1861 amicis,
925 1827 930 1854 a

259 1874 342 1936 Quem
357 1889 432 1939 rogus
449 1874 527 1923 exurit
543 1873 653 1923 roscidus
669 1873 828 1939 unguinibus.

207 1945 263 1994 Iura
280 1946 357 2011 Giges
372 1946 472 2013 populis
489 1945 561 1994 dabat
576 1945 638 1994 olim
652 1945 724 2011 regia
734 1945 809 2004 Lidis‚

256 2016 326 2066 Idem
341 2017 434 2066 divitiis
450 2017 534 2065 floruit
549 2017 704 2083 omnigenis3
724 2038 729 2064 zv

209 2087 299 2137 Terror
313 2088 401 2138 vicinis
417 2099 467 2137 erat
482 2087 523 2137 hic
538 2088 668 2137 acerrimus
684 2088 764 2147 armis,

258 2159 309 2222 Qui
324 2176 460 2226 numquam
474 2159 530 2208 fatis
547 2159 666 2208 subiacuit
681 2159 789 2218 tetricis;
941 2205 942 2208 ,

209 2231 311 2294 Quaerit
326 2248 357 2280 an
372 2231 432 2280 alter
448 2248 473 2280 se
488 2230 584 2280 felicior
600 2242 662 2280 esset
677 2230 703 2279 in
719 2231 786 2290 orbe,
936 2259 942 2294 t

257 2302 363 2369 Magnus
379 2303 474 2370 Apollo
490 2302 537 2354 sibi
552 2318 627 2369 quem
642 2312 713 2368 rogat
727 2300 786 2351 haec
802 2301 901 2351 retulit:

209 2374 297 2423 «Cum
311 2374 411 2425 videare
423 2374 469 2425 tibi
484 2373 550 2433 felix,
566 2373 662 2422 felicior
678 2384 713 2422 est
728 2384 754 2423 te
919 2382 932 2418 f.
942 2393 965 2426 nx

135 2448 137 2453 ’
256 2445 349 2512 Aglaus
367 2445 467 2513 quidam
482 2460 574 2512 pauper
583 2463 614 2504 >›;
631 2444 671 2493 hic
686 2444 778 2494 Archas
795 2455 845 2493 erat

208 2517 279 2566 Fines
296 2517 339 2583 qui
354 2518 424 2584 parvi
439 2532 575 2584 numquam
590 2527 751 2582 transgressus
767 2515 848 2582 agelli,

258 2589 357 2656 Semper
373 2600 501 2637 contentus
517 2587 630 2654 frugibus
647 2588 698 2636 eius
715 2599 772 2647 erat,

172 2766 193 2799 27
205 2754 278 2799 (naua)
291 2765 323 2789 ra.
