2068 3216
422 226 506 261 Passio
522 228 544 261 a.
562 212 674 260 Maumi

193 356 298 422 Signifer
313 355 353 405 hic
368 356 461 423 primus
477 355 565 404 vexilla
581 354 665 403 tulisse
680 353 799 420 probatur

192 427 318 477 Bellorum
333 427 445 487 Domini,
462 443 536 492 quem
550 426 633 493 plures
650 438 707 475 sunt
722 426 818 485 imitati,

191 500 320 565 Propterea
336 499 448 549 bravium
463 498 625 565 praesumpsit
640 498 727 547 tollere
741 498 858 564 primum.

192 571 291 620 Caelebs
308 569 463 635 abiectusque
478 569 526 619 fuit
543 585 638 635 semper
654 570 701 619 sibi
717 569 827 630 Maurus,
909 585 940 625 185

192 643 264 707 Legit
279 642 428 708 pauperiem,
444 641 510 690 fudit
524 658 571 707 pro
587 658 645 707 rege
661 658 781 690 cruorem.

193 714 290 764 Sardius
306 726 334 763 ut
350 714 448 780 sanguis
465 712 651 778 roseo‘fulgore
667 713 782 772 rubescit,

192 785 297 842 Martirii
312 802 402 834 munus
417 784 465 834 fert
482 785 574 833 sardius
590 797 663 850 atque
679 785 812 834 ametistus.

192 859 264 907 More
280 857 351 906 rubet
368 856 441 905 sardii
456 857 600 905 Laurentius
617 873 688 905 amne
704 857 815 916 cruoris;
854 871 855 874 ’

191 930 240 978 iste
255 929 342 979 videns
359 927 416 977 duci
434 928 528 976 Sixtum
542 944 589 994 pro
605 929 707 977 nomine
724 929 823 989 Christi,
909 951 942 984 190

192 1000 297 1050 Martini
312 1000 437 1050 desiderio
451 999 605 1049 succenditur
620 1000 678 1059 acri,

192 1072 285 1121 Clamat
301 1073 428 1131 continuo,
446 1088 460 1118 1(
470 1071 531 1137 quid
546 1070 602 1131 feci,
619 1072 687 1138 quid,
703 1084 780 1139 pater,
797 1087 843 1120 oro
860 1072 871 1121 ?

193 1144 252 1206 Quo
260 1144 326 1209 fugis
334 1144 426 1209 absque
434 1153 486 1202 tu0‚
494 1155 586 1211 patero
594 1144 739 1203 venerande,
747 1144 862 1193 ministro
870 1143 881 1192 ?
890 1162 905 1191 »

191 1215 236 1264 ille
251 1215 332 1274 refert,
350 1214 416 1275 «fili,
432 1226 497 1280 post,
514 1214 598 1264 desine
614 1216 678 1275 flere,
696 1215 836 1280 sequeris».

192 1287 307 1336 Fustibus
322 1287 381 1335 hinc
396 1303 487 1346 caesus,
504 1286 584 1353 lapide
600 1304 628 1335 os
644 1287 783 1336 venerabile
798 1299 893 1346 tunsus,
908 1309 939 1341 195

193 1359 290 1408 Cratem
305 1375 362 1407 cum
377 1358 462 1418 furcis,
478 1359 556 1424 ignes,
573 1370 597 1407 et
613 1375 670 1408 cum
685 1358 737 1408 face
752 1374 844 1425 prunas

192 1431 280 1479 Laetus
297 1429 413 1490 devincit,
429 1441 487 1496 post
502 1430 562 1479 haec
577 1430 608 1479 ad
625 1430 703 1479 sidera
718 1431 811 1479 transit.

193 1501 290 1550 Sardius
306 1512 334 1550 ut
350 1501 451 1551 Maurus
467 1502 546 1562 rubet,
562 1504 670 1568 asperius
687 1503 744 1567 quia
759 1514 839 1551 tortus

193 1573 353 1639 Quadruplici
368 1588 448 1639 poena
463 1573 524 1622 vicit
539 1574 632 1623 cervice
648 1574 730 1623 recisa.

193 1645 269 1693 Lucet
283 1659 420 1711 purpureus
436 1646 530 1694 violam
545 1645 651 1696 referens
667 1645 801 1704 ametistus,
907 1667 942 1689 200

192 1716 318 1781 Purpureo
334 1727 366 1776 te,
383 1717 506 1777 Vincenti,
522 1717 620 1766 confers
636 1717 758 1777 ametisto,

193 1787 315 1853 Sanguine
332 1788 453 1837 sidereum
468 1799 544 1837 certas
560 1788 604 1837 ubi
620 1788 739 1855 prendere
754 1804 877 1854 regnum;

192 1859 314 1908 Percurris
331 1860 394 1909 diras
410 1860 483 1909 alacri
502 1860 631 1909 conamine
646 1875 746 1927 poenas,

193 1931 338 1991 Oeculeum,
353 1931 447 1998 plagas,
463 1932 541 1997 ignes,
557 1943 630 1981 testas
646 1944 671 1981 et
685 1943 776 1991 acutas,

193 2003 317 2069 Exuperas
334 2020 419 2052 saevos
434 2004 511 2054 animi
525 2004 617 2053 virtute
632 2004 767 2063 ministros,
909 2025 941 2058 ιο,

193 2073 331 2141 Intrepidus
348 2074 461 2125 rabidum
476 2074 558 2124 verbis
574 2087 674 2141 torques
690 2076 834 2134 Datianum,

194 2144 275 2194 Beluis
292 2147 425 2213 expositus,
441 2163 485 2214 per
500 2146 572 2195 duras
588 2149 741 2214 insuperatus

193 2216 330 2276 Excubias3
341 2234 431 2268 corvus
442 2219 505 2285 gerit
521 2235 577 2284 erga
593 2219 677 2268 nobile
692 2234 782 2284 corpus

193 2287 336 2355 Infidusque
351 2291 408 2340 Noe
423 2290 469 2340 tibi
484 2290 548 2339 fidus
565 2290 654 2339 dicitur
670 2307 729 2339 esse.

195 2360 317 2426 Sanguine
331 2361 445 2428 perfusus
461 2362 544 2410 rutilat
560 2363 629 2427 quasi
643 2377 752 2429 purpura
768 2360 870 2410 Maurus
909 2383 943 2406 210

193 2433 273 2481 Vestit
288 2444 312 2481 et
327 2433 450 2499 insignem
463 2433 569 2498 fulgenti
584 2434 676 2482 murice
691 2449 782 2499 regem.

193 2503 306 2553 Pallentis
323 2506 425 2571 spetiem
441 2505 595 2554 calcedonius
611 2517 678 2554 tenet
693 2505 766 2571 ignis,

159 2650 190 2681 182
199 2645 273 2690 signifex
282 2647 301 2681 P.
351 2651 383 2689 184
392 2648 497 2692 presumpsit
505 2648 525 2682 P.
574 2651 603 2691 185
614 2647 672 2681 celebs
681 2647 700 2681 P.
757 2650 788 2681 188
800 2647 879 2691 martyri
888 2648 907 2681 P.

125 2706 156 2739 190
166 2693 228 2728 fixtum
239 2694 257 2729 P.
318 2706 348 2738 191
360 2695 445 2740 martyrii,
467 2696 502 2729 aeri
513 2696 531 2730 P.
581 2706 610 2740 195
623 2706 672 2729 cesus
683 2696 702 2729 P.
745 2706 776 2739 197
786 2694 838 2736 letus,
850 2695 907 2729 hecP.

125 2753 156 2787 199
168 2753 211 2787 pena
223 2742 242 2776 P.
273 2753 304 2787 ²03
313 2754 365 2787 penas
377 2743 396 2778 P.
421 2754 454 2786 204
464 2742 543 2778 eculeum
554 2744 573 2778 P.
599 2754 629 2787 205
642 2754 695 2778 sevos
706 2744 724 2778 P.
757 2753 789 2777 212
800 2742 877 2787 speciem
888 2744 907 2777 P.
