2068 3216
309 249 344 284 on
359 248 569 284 Muuounamuus
585 235 641 282 VII.
659 250 675 294 4
800 181 846 230 179

135 377 229 427 Urbem
244 376 346 426 Fidenas
363 393 405 425 rex
420 377 526 437 Tullius,
542 393 620 442 usque
635 391 750 444 perosam

182 448 356 513 infestamque,
372 465 441 497 novo
457 448 534 498 diruit
549 448 671 514 imperio:

133 520 261 569 Albanum
275 519 346 568 iussit
362 519 469 568 Metium
484 520 528 586 qui
543 520 633 569 vadere
649 537 740 581 secum,
876 543 883 575 5

184 592 313 658 Suspectae
328 590 387 640 fidei
401 591 441 640 vir
455 590 504 640 fuit
519 591 564 641 iste
580 591 662 651 vafer3

134 663 204 712 Bello
220 663 354 712 commisso
370 662 482 712 consedit
497 663 560 712 colle
575 663 718 731 propinquo

183 734 291 784 Perfidus
307 733 407 783 Albano
423 751 482 783 cum
497 751 577 784 cuneo
593 734 694 795 Metius,

136 806 226 855 Terror
241 805 360 855 militibus
376 805 482 855 defectio
499 823 551 872 quo
566 805 631 855 foret
646 807 706 866 eius,

182 877 235 927 Aut
250 889 279 926 ut
294 878 343 926 iam
358 877 436 942 fessos
453 877 627 944 aggrederetur
643 895 703 937 eos;

134 949 243 998 Pervidit
257 947 371 998 fraudem
386 964 428 998 rex
443 949 563 1016 providus
579 950 647 1015 itque
662 964 707 1017 per
722 968 812 1017 agmen

183 1020 336 1080 Vociferans‚
352 1021 400 1069 alte
416 1032 500 1069 vectus
518 1037 582 1088 equo
599 1021 680 1080 celeri,

134 1093 198 1143 «Ne
213 1092 354 1160 paveatis»,
371 1092 413 1156 ait,
431 1091 565 1141 «Mecium
581 1109 606 1141 se
622 1092 721 1142 caedere
736 1094 813 1144 iussil

183 1165 217 1213 Ut
234 1164 265 1213 sit
280 1163 404 1231 praesidio
420 1180 479 1212 mox
494 1165 570 1223 venit,
587 1176 617 1213 ut.
630 1164 705 1213 iubeo
714 1182 747 1225 »ς

133 1235 225 1284 Firmat
240 1247 352 1284 nutantes
369 1235 441 1284 alacri
457 1236 501 1303 qui
516 1247 598 1284 mente
613 1235 723 1295 rebelles,
739 1296 741 1299 ι

184 1307 298 1356 Sternunt
314 1306 426 1356 victrices
443 1319 467 1355 et
483 1306 591 1356 referunt
607 1307 707 1374 aquilas.

133 1379 294 1444 Aequivocus
309 1379 374 1446 patri
389 1390 460 1427 natus
477 1377 508 1427 de
524 1394 581 1445 rege
598 1378 718 1444 Superbo,

182 1450 316 1516 indignans
334 1449 428 1499 Gabios
444 1450 511 1500 nolle
525 1451 589 1517 patri
606 1450 691 1510 subici,

135 1522 234 1587 Cogitat
249 1533 341 1570 astutae
357 1522 475 1570 Romanis
492 1521 651 1584 subtitulate:

183 1593 258 1659 Cogit
274 1610 299 1642 se
315 1593 432 1659 gravibus
448 1593 548 1642 caedere
563 1593 714 1653 verberibus,

133 1664 226 1730 Pugnis
242 1664 361 1732 inpubem
376 1665 504 1732 compellit
519 1665 621 1714 tundere
637 1666 743 1726 vultum,

181 1736 316 1803 Abrumpit
332 1737 410 1785 crines
427 1736 575 1804 dilaniatque
591 1753 673 1802 genas,

133 1807 328 1874 Digrediturque
339 1808 427 1875 pedes,
444 1824 515 1857 servo
532 1809 665 1857 comitante
680 1807 755 1868 fideli,

183 1880 215 1927 Et
230 1880 305 1928 nimis
322 1896 409 1929 exosos
425 1879 538 1946 pervenit
553 1879 585 1928 ad
602 1879 713 1938 Gabios;

133 1950 209 2005 Patris
226 1951 339 2000 sevitiam
353 1950 416 2000 fallit
431 1951 524 2017 fugisse
535 1951 680 2017 malignam,

183 2022 299 2071 Ostendit
315 2023 396 2088 flagris
412 2021 488 2072 livida
504 2035 572 2089 terga
589 2023 647 2082 suis,

133 2094 201 2143 Albo
218 2093 369 2143 demonstrat
385 2095 489 2160 vestigia
504 2095 607 2162 pulvere
623 2109 712 2161 sparsa,

183 2167 215 2214 Et
230 2165 322 2214 laceros
339 2167 417 2215 crines
434 2177 458 2215 et
474 2166 595 2215 tumidam
609 2165 695 2215 fatiem
703 2184 710 2225 ;

133 2235 227 2286 Perfida
243 2238 337 2286 versuti
353 2238 455 2286 credunt
471 2249 610 2286 commenta
626 2237 723 2297 tiranni,

182 2308 373 2374 Praefitiuntque
389 2308 436 2358 sibi
452 2309 615 2377 Tarquinium
631 2308 722 2368 Gabti;

134 2379 200 2428 Hinc
215 2379 259 2428 ubi
275 2380 368 2429 crudeli
384 2380 516 2429 substravit
532 2397 574 2429 eos
591 2380 688 2440 ditioni,

182 2452 299 2500 Decrevit
315 2453 368 2518 regi
383 2451 509 2502 notificare
524 2452 604 2519 patri3

133 2523 227 2588 Dirigit
242 2522 345 2572 infestos
362 2525 405 2589 qui
421 2524 518 2572 nuntiet
533 2540 585 2572 esse
602 2522 724 2583 subactos,

181 2594 282 2643 intimet
298 2612 328 2643 ex
342 2595 390 2644 illis
408 2595 468 2660 quid
484 2594 537 2644 fieri
552 2595 651 2654 iubeat3

97 2761 107 2794 6
118 2760 167 2795 vafer
177 2763 194 2795 ln
205 2772 237 2795 ras.
249 2760 271 2795 al.
283 2772 324 2795 aaran.
