2068 3216
473 255 592 289 mistura
616 242 641 289 V

462 381 610 425 EPISTULA
630 381 653 425 V

467 497 468 500 =
493 476 538 519 AD
552 475 622 520 EUM

202 600 299 648 Excidit
315 616 369 648 ecce
385 599 422 647 tui
437 598 520 647 forsan
536 598 581 647 tibi
597 615 688 648 nomen
704 600 804 659 alumni,

250 673 303 721 Nec
319 682 343 719 te
358 687 415 719 cura
432 670 498 719 subit
514 670 574 735 quid
590 670 637 719 sibi
653 671 792 737 contigerit.

202 744 249 791 Pro
265 742 355 808 pudor,
372 754 491 791 extremae
507 742 616 791 mentiris
631 754 657 791 te
672 743 805 808 geniturae,

251 815 328 864 Ortus
344 830 401 862 cum
416 813 492 862 fueris
509 825 634 863 stemmate
649 814 779 863 nobilium.

202 888 262 935 Non
278 886 324 934 erit
340 886 449 951 ingratus
465 886 528 934 clara
544 885 574 934 de
591 886 665 952 stirpe
681 897 792 946 creatus„

251 957 366 1006 Monstro
382 973 426 1023 par
441 957 482 1005 hic
498 957 543 1006 erit
556 957 637 1006 sicubi
652 957 788 1023 prodierit;

204 1029 246 1088 Te,
263 1029 333 1094 quasi
348 1029 384 1077 nil
400 1028 496 1088 habeas,
512 1046 526 1077 a
541 1028 613 1078 nobis
630 1029 664 1078 sic
680 1030 777 1089 alienas,

251 1102 412 1166 Ingratusque
428 1117 484 1149 meo
500 1101 611 1166 proderis
627 1100 748 1166 obsequio
766 1102 778 1151 ?
819 1144 821 1147 ,

204 1173 229 1220 O
244 1173 340 1221 utinam
354 1171 424 1220 fallar
439 1172 554 1238 deceptus
570 1184 594 1221 et
610 1189 662 1222 esse
678 1174 803 1222 revincat!
819 1202 820 1207 =

252 1246 417 1308 Erroremque
433 1260 523 1303 meum,
540 1245 560 1292 si
577 1244 631 1309 quis
648 1245 702 1303 erit,-
718 1244 799 1294 fateat.

204 1317 324 1364 Excusare
340 1315 410 1363 voles
427 1327 451 1364 te
466 1314 569 1363 forsitan
585 1327 657 1381 atque
672 1316 773 1376 valeres,

251 1387 349 1436 Vellem
363 1387 431 1435 nulla
445 1386 510 1435 foret
526 1387 584 1436 haec
600 1404 653 1436 mea
669 1389 784 1454 suspicio.

203 1460 237 1507 At
253 1459 350 1523 Pyrinei
365 1474 489 1525 propones
505 1459 617 1523 proxima
633 1460 724 1508 montis

252 1531 353 1579 Caelum
368 1531 490 1595 tangentis
505 1531 596 1579 vertice
612 1547 651 1579 me
666 1531 781 1591 incolere,

204 1602 442 1667 Hesperusoccidui
458 1602 504 1650 sibi
521 1619 582 1667 quae
598 1601 703 1651 confinia
719 1603 778 1651 solis

251 1673 367 1722 Vindicat
383 1674 476 1721 omisso
492 1685 516 1721 te
531 1674 649 1739 placuisse
665 1673 734 1733 mihi,

204 1746 317 1794 Herculis
333 1745 407 1793 aerias
423 1756 524 1810 propter
538 1746 626 1811 legisse
642 1746 759 1794 colunnas

253 1817 340 1883 Spreto
356 1817 441 1864 nativo
457 1832 513 1864 rura
528 1816 637 1882 laresque
654 1817 726 1876 solo;

204 1889 302 1954 Belgica
317 1899 341 1936 te
356 1888 455 1954 pinguis
472 1887 558 1936 habeat
573 1905 631 1936 cum
646 1888 727 1937 Gallia
743 1888 835 1954 glebae,

254 1961 336 2022 Quam
351 1971 446 2024 praeter
463 1960 586 2024 Sequanae
602 1976 672 2008 rauca
689 1961 778 2008 fluenta
794 1960 883 2018 luunt;

205 2033 268 2080 Cum
283 2031 389 2080 Nothias
405 2042 485 2096 partes
501 2048 549 2096 ego
565 2042 641 2096 tuque
657 2032 722 2080 colas
739 2032 860 2090 Boreales,

253 2102 383 2151 Terrarum
397 2102 478 2167 longis
496 2103 596 2167 sepositi
612 2103 704 2169 spatiis,

205 2176 291 2239 Tuque
309 2173 449 2239 Sagittiferi,
467 2174 631 2223 Geminorum
645 2190 706 2223 vero
723 2174 768 2222 sub
783 2185 849 2223 astro

253 2247 398 2294 Commorer
413 2246 473 2310 ipse,
489 2246 550 2294 locis
567 2246 704 2311 disparibus
720 2246 804 2311 positi,

204 2319 306 2383 Ignoras
322 2317 349 2364 in
365 2333 415 2382 quo
432 2318 510 2365 nostri
525 2318 605 2366 valeas
622 2318 768 2376 meminisse,

253 2389 304 2451 Qui
321 2405 360 2438 me
375 2405 428 2436 non
444 2389 518 2437 sentis
534 2389 633 2437 auribus
649 2400 691 2437 aut
707 2389 793 2448 oculis,

204 2460 334 2509 Presertim
348 2459 427 2525 fugiat
443 2476 501 2508 cum
516 2472 540 2508 te
555 2460 656 2508 fortuna
670 2460 784 2526 benigna,

252 2533 306 2580 Nec
322 2531 383 2579 ditet
399 2547 477 2579 cornu
493 2532 564 2598 copia
580 2531 706 2591 munifico,

204 2604 285 2652 Possis
301 2602 366 2650 unde
382 2614 427 2650 tuo
443 2603 526 2667 largiri
541 2620 631 2651 munus
647 2604 747 2662 alunno,

166 2771 183 2803 V
189 2769 272 2813 inserpat
280 2775 295 2803 ct
299 2771 354 2812 prima
361 2768 402 2802 linea
409 2771 425 2802 in
433 2780 466 2802 ras.
516 2780 524 2811 3
537 2768 582 2811 proh
595 2767 626 2802 Cn.
