2068 3216
318 204 352 236 DE
367 204 573 239 uuuoununmus
589 192 620 240 Π.
639 209 652 239 2

180 331 251 394 Quos
267 348 295 379 ac
311 332 331 379 si
346 332 460 399 proprios
477 332 603 381 excoluere
618 345 714 400 patres:

131 403 244 470 Namque
260 415 381 452 senatores
398 403 576 452 comitabantur
592 405 728 470 gradientes

178 474 220 523 Ad
236 474 366 541 Capitolini
382 475 464 523 munia
480 475 584 535 consilii,

132 545 178 594 Sed
193 546 229 595 fas
245 546 341 595 admitti
356 544 416 613 quia
428 563 480 595 non
496 558 545 595 erat
560 565 574 596 a
589 548 659 608 foris,
674 549 711 598 illi

178 618 263 667 Valvis
279 618 351 667 adfixi
367 616 428 667 stare
444 618 487 667 diu
503 619 585 678 soliti;

131 689 262 755 Sperabam
277 690 333 739 illos
349 690 398 738 iam
414 706 467 739 sero
484 690 588 740 domum
603 692 734 752 redituros

177 761 296 810 Inferrent
312 762 365 811 altis
381 762 481 811 aedibus
494 774 525 811 'ut
540 763 647 813 reduces.

128 834 261 882 Intererant
277 834 355 882 caenis
371 833 474 900 inpubes
492 834 590 902 quando
606 836 696 896 vocati,
837 847 898 883 fluv

177 906 247 954 Esset
263 921 371 954 sessurus
387 903 488 970 nequis
505 905 539 954 ibi
555 906 690 967 esenibus‚

129 977 222 1026 Pronos
238 977 362 1026 accubitus
378 977 482 1026 audebat
498 978 611 1027 scandere
626 979 717 1039 nullus,

177 1050 209 1097 Et
224 1061 349 1116 praesente
365 1065 421 1098 sene
437 1066 465 1104 os
482 1066 534 1098 non
549 1050 642 1116 aperire
658 1047 738 1100 suum.

128 1120 267 1186 Pangebant
282 1132 361 1186 patres
379 1137 421 1168 sua
435 1136 480 1187 per
495 1121 610 1170 convivia
625 1122 688 1170 facta
712 1119 713 1122 ’

176 1192 268 1252 Porcia,
285 1192 411 1258 clangebat
426 1192 485 1241 tibia
502 1208 563 1258 quae
579 1192 717 1254 modulans,

128 1264 160 1311 Et
176 1280 295 1313 memores
312 1264 394 1331 epulas
410 1265 472 1312 inter
487 1264 585 1313 virtutis
601 1265 687 1325 avitae,

176 1337 310 1384 Horrerent
325 1335 398 1384 variis
415 1335 489 1384 corda
505 1351 604 1401 gravare
620 1336 691 1386 cibis.

127 1407 228 1456 Dixerat
243 1407 374 1456 archanum
390 1407 411 1455 si
427 1407 525 1474 quando
542 1408 615 1456 Curia
630 1408 742 1469 verbum,

175 1480 257 1528 Ausus
274 1490 324 1528 erat
339 1495 474 1546 numquam
490 1480 544 1546 quis
561 1495 665 1529 reserare
680 1481 777 1546 palam3

127 1550 212 1600 Prodit
227 1550 257 1599 de
273 1550 343 1599 bellis
359 1550 446 1599 Fabius
462 1567 514 1599 non
529 1550 648 1617 providus
665 1551 741 1612 Afris,

175 1623 241 1671 Huic
256 1640 269 1671 a
285 1621 427 1671 consulibus
443 1622 573 1689 corripitur
589 1623 695 1688 gravius.

127 1694 199 1742 Curia
214 1710 266 1742 non
281 1694 360 1759 patuit
374 1693 452 1760 plebis
468 1705 571 1742 reserata
585 1693 695 1754 tribuno,

174 1766 240 1818 Ante
254 1765 320 1815 fores
336 1765 394 1814 sella
411 1764 452 1814 sed
468 1765 574 1814 residens
590 1766 685 1833 posita„

126 1838 195 1886 Dum
210 1838 309 1903 reliquis
326 1837 420 1886 decreta
435 1848 533 1903 patrum
547 1836 650 1886 librabat
665 1838 783 1898 honestis,

173 1909 308 1975 Indignum
322 1925 353 1957 ne
369 1908 429 1976 quid
446 1908 518 1957 Curia
532 1909 690 1975 praeciperet.

126 1982 256 2040 Eumenes,
272 1980 335 2029 fidus
353 1980 469 2028 Romanis
486 1995 581 2045 semper
596 1981 697 2040 amicus,

174 2051 302 2104 Perfidiam
317 2053 402 2101 Persae
417 2051 526 2100 notificat
541 2051 668 2118 patribus;

127 2124 173 2173 Sed
189 2124 257 2193 quod
273 2140 315 2172 rex
330 2123 428 2172 mandat
443 2124 501 2172 latet
517 2134 541 2172 et
557 2123 625 2191 quod
642 2124 715 2172 Curia
731 2124 813 2184 dictat,

173 2197 261 2244 Donec
276 2196 325 2243 iam
341 2195 424 2261 captus
441 2196 512 2244 Persa
526 2194 591 2243 foret
603 2195 710 2260 rigidus.

126 2267 150 2316 Si
166 2266 349 2333 responsadari
365 2278 488 2332 cuperent,
506 2266 526 2314 si
541 2266 642 2315 reddere
658 2267 726 2326 Grai,

173 2340 233 2388 Non
249 2349 305 2387 sunt
320 2338 432 2405 permissi
448 2338 527 2387 Grece
542 2338 674 2405 aliquando
690 2338 770 2405 loqui:

125 2410 202 2458 Tanta
216 2410 264 2458 fuit
279 2410 360 2476 prisco
377 2411 487 2458 Romana
502 2411 612 2474 potentia
628 2410 693 2458 seclo

173 2482 310 2547 Lingarum
325 2481 451 2529 dominam
466 2481 577 2529 redderet
593 2492 620 2529 ut
636 2482 737 2530 Latiam.

125 2553 196 2601 Molo
212 2564 310 2620 patrum
326 2553 405 2601 Grece
419 2553 513 2619 primus
529 2564 654 2619 praesente
670 2553 780 2613 cohorte,

88 2671 108 2715 36
120 2670 215 2706 inferrent:
226 2682 236 2704 r
245 2678 323 2714 suprascr.
373 2681 394 2714 59
405 2677 453 2704 tanta
464 2672 493 2704 vix
502 2669 531 2714 legi
536 2676 595 2714 potest.
644 2670 666 2705 60
674 2673 730 2715 prima
742 2670 795 2706 littera
805 2671 835 2715 legi

50 2730 81 2752 non
86 2724 146 2763 potest.
194 2718 214 2752 61
226 2718 278 2753 Molo
287 2721 316 2752 aix
325 2717 355 2761 legi
363 2724 421 2763 potest.
