2068 3216
5 2706 13 2738 5

291 197 326 230 DE
341 196 550 231 Munonrmrrnus
566 183 621 230 VII.
641 199 652 245 3
781 126 825 173 17⁵

163 324 267 390 Ignotus
284 324 354 372 Bruti
370 336 446 373 castra
462 324 544 392 cupita
560 323 635 373 subis.

116 396 252 458 Questurae
267 395 362 462 rapiens
378 396 492 462 insignia,
508 395 601 446 Vetulo
617 397 690 445 novit

163 467 230 516 Inter
244 467 396 535 proscriptos
412 484 505 517 nomen
520 479 548 516 ut
564 484 617 516 esse
633 484 713 528 suum,

114 538 175 588 Arte
192 538 237 587 sub
253 539 346 587 ornatis
361 538 534 606 praeeuntibus
550 550 575 587 et
590 539 709 589 comitatu

163 609 246 659 Multo
263 610 365 678 stipatus
381 610 472 660 arduus
487 610 628 670 invehitur3

115 682 210 731 Caecati
225 696 332 749 pompae
348 681 431 731 subito
446 681 545 748 fulgore
560 681 701 742 choruscae,

163 753 306 802 Formidant
321 753 404 802 hostes
421 754 565 822 appropiare
581 754 636 814 sibi,

115 825 198 874 Obvia
213 824 369 892 comprendit
384 825 500 885 iumenta,
517 826 566 875 suis
583 843 611 875 ea
626 826 708 886 tradit,

163 897 221 946 Exit
235 896 267 946 ab
282 896 343 945 urbe
359 897 430 957 celer,
446 908 551 965 occupat
566 897 681 965 hospitia,

115 970 146 1017 Et
162 967 239 1018 veluti
255 968 343 1018 missus
358 983 405 1036 pro
422 969 549 1018 communi
564 969 676 1030 utilitate,

163 1041 243 1103 Quos
250 1040 387 1106 pertransit,
404 1040 441 1107 ab¹
451 1040 489 1089 his
506 1040 607 1107 suscipit
622 1041 758 1108 obsequia;

114 1112 230 1161 Puteolos
245 1108 314 1172 adiit,
329 1123 469 1180 praetorem
484 1129 509 1161 se
524 1111 579 1162 fore
594 1113 664 1173 dixit,

96 1224 99 1228 ,
163 1184 276 1232 Extruxit
291 1198 426 1251 properum
442 1200 492 1249 quo
509 1183 556 1233 sibi
571 1185 707 1255 navigium,

115 1255 274 1325 Siciliamque<
284 1266 375 1322 petens
386 1255 466 1317 evasit,
478 1255 591 1321 denique,
608 1267 690 1305 tutum

162 1326 230 1376 Haec
244 1324 442 1393 proscriptorum
456 1339 516 1376 tunc
531 1339 582 1376 erat
597 1327 724 1394 effugium.

76 1389 77 1392 Ἴ
112 1398 214 1447 Inlicitis
230 1398 336 1447 nimium
350 1398 446 1448 iuvenis
462 1398 615 1465 nimiumque
624 1401 738 1450 cavendis

161 1469 271 1519 Ardebat
285 1469 388 1530 facibus,
404 1470 460 1520 vult
475 1470 591 1520 cohibere
605 1482 691 1538 pater;

113 1542 183 1589 Dum
198 1542 291 1608 nequit,
308 1553 413 1590 astutam
428 1542 542 1610 concepit
556 1554 657 1610 pectore
672 1544 793 1605 thecuam,

162 1613 280 1662 Permissa
295 1625 378 1662 utatur
392 1614 510 1681 praecipit
525 1624 554 1662 ut
569 1615 673 1680 Venere,

114 1685 165 1748 Qui
180 1696 308 1752 praecepta
323 1684 381 1734 facit
396 1685 533 1752 plenusque
547 1685 650 1736 libidine
665 1688 745 1754 vulgi,

162 1756 244 1805 Cessat
259 1756 290 1805 ab
306 1756 398 1806 inlicita
414 1756 588 1824 mortiferaque
604 1758 658 1808 sibi.

113 1829 231 1894 Egressus
246 1839 319 1895 porta
333 1829 437 1896 perimat
453 1828 499 1877 sibi
515 1829 559 1896 qui
573 1829 642 1896 prior
658 1842 734 1880 exstat

161 1898 268 1965 Magnus
284 1900 423 1949 Alexander
439 1912 504 1950 sorte
520 1901 592 1951 datur
607 1903 749 1962 monitus;'

112 1971 185 2019 Forte
200 1970 295 2020 minans
312 1972 409 2020 asinum
422 1987 516 2040 pauper
531 1972 579 2021 fuit
594 1973 684 2023 obvius
700 1975 744 2034 illi,

133 2090 135 2092 ,
162 2042 245 2105 Quem
259 2054 356 2091 tentum
370 2043 437 2093 ferro
452 2044 570 2111 praecipit
585 2056 719 2112 oppetere;

111 2114 156 2162 ille
171 2125 242 2179 rogat
258 2115 363 2163 moritur
378 2132 430 2175 cur,
446 2116 516 2183 pravi
531 2116 567 2164 nil
582 2129 705 2182 operatus,

160 2185 284 2234 Pretendit
300 2187 372 2235 sortis
389 2204 449 2236 mox
465 2187 511 2236 sibi
526 2203 569 2235 rex
584 2188 710 2249 monitus;

112 2258 196 2307 «Non
211 2273 267 2322 ego,
283 2272 356 2318 rex»,
372 2259 461 2326 inquit,
478 2259 595 2307 «morior
610 2259 630 2307 si
646 2276 698 2309 sors
713 2261 747 2309 ita
757 2261 826 2321 dixit,

160 2329 221 2378 Non
235 2328 305 2394 prior
320 2331 425 2390 occurri,
442 2330 484 2380 sed
500 2346 569 2379 meus
585 2330 626 2379 hic
642 2332 723 2381 asinus
732 2350 764 2392 »;

110 2401 253 2449 Delectatur
268 2415 310 2449 rex
325 2418 339 2449 a
354 2402 457 2451 crimine
473 2419 498 2451 se
514 2413 664 2463 revocatum,

159 2471 248 2520 Astute
264 2471 333 2537 quod
349 2474 372 2522 ei
388 2490 440 2522 sors
457 2473 564 2522 resoluta
578 2473 635 2534 fuit,
840 2498 862 2531 90

35 2566 36 2569 ¹
111 2545 143 2592 Et
160 2542 207 2592 sibi
223 2553 288 2591 sorte
305 2542 390 2593 datum
405 2545 513 2611 gaudens
530 2544 621 2593 occidit
636 2547 747 2607 asellum,

159 2616 253 2681 Pauper
268 2616 361 2664 cautela
376 2617 449 2665 vivus
466 2617 517 2666 abit
532 2618 639 2683 propria.

110 2686 240 2754 Oppressis
256 2686 347 2735 virtute
363 2689 440 2753 magis
456 2704 561 2754 regnum
577 2688 701 2738 Babilonis
