2068 3216
185 153 194 183 1
219 153 234 195 4

203 153 212 197 5
364 223 400 258 on
416 223 623 258 affinoaaanraus
640 210 682 258 VI.
703 227 711 270 5

183 351 277 400 Clarior
293 351 387 410 existas,
405 352 424 399 si
440 363 463 399 te
479 351 578 401 fortuna
594 352 705 412 retardat,

230 422 313 471 Ausus
331 438 381 471 eras
399 439 523 472 summum
539 424 607 491 quod
623 425 725 474 lacerare
741 425 824 473 virum
833 444 840 483 ;

182 496 271 553 Nocte,
288 494 406 543 relaturus
423 494 518 546 domini
535 496 603 563 quasi
620 497 728 555 crimina,
746 497 848 546 Scauri*

232 566 320 615 Servus
337 578 368 625 te,
385 567 494 625 Domici,
510 567 617 633 perfidus
634 569 744 635 expeciit,

183 637 291 685 Obturas
307 654 385 697 aures,
401 654 444 686 ora
460 638 546 687 indicis
563 639 628 706 inpia
645 639 744 699 claudis,

231 709 314 776 Atque
331 726 377 757 suo
393 709 473 758 reddis
490 710 589 777 vapulet
605 723 632 759 ut
649 711 759 760 domino.

183 781 282 829 Crassus
300 781 438 829 Carbonem
453 781 554 841 vitabat,
570 795 654 849 pastor
670 794 697 831 ut
713 799 826 849 anguem,

233 852 320 901 Servus
338 852 456 901 Carbonis
474 854 560 902 scrinia
575 866 657 921 portat
673 855 703 914 ei,

183 923 251 971 Talia
263 924 318 991 quis
330 925 424 972 inerant
436 924 566 974 dominum
578 943 639 991 quae
649 926 750 993 perdere
762 925 871 991 quibant,

233 996 324 1044 Scrinia
340 1013 397 1044 cum
413 1012 484 1045 servo
501 997 566 1046 salva
582 998 675 1046 'remisit
691 1015 728 1046 eo.

183 1067 243 1115 Non
260 1068 294 1115 sic
310 1068 460 1116 incolomem
476 1085 501 1117 se
519 1069 575 1117 Silla
591 1069 689 1118 volebat
705 1082 732 1117 ut
741 1069 838 1117 hostem

234 1138 365 1205 Sulpitium
381 1139 492 1188 manibus
509 1140 635 1190 dilaniasse
652 1142 717 1190 suis:

182 1210 207 1257 A
224 1226 249 1257 se
264 1211 432 1277 proscriptum
447 1211 508 1259 dum
522 1212 608 1278 prodis
625 1228 680 1261 rure
696 1224 827 1279 receptum,

233 1281 332 1331 Servule
349 1282 450 1348 Tarpeia
465 1283 535 1348 pulse
551 1285 600 1332 ruis
617 1284 691 1333 silice.

183 1353 296 1402 Moribus
313 1366 337 1402 et
353 1354 445 1402 meritis
462 1354 573 1404 Mitilene
590 1355 665 1404 credit
681 1355 789 1403 honestis

231 1426 313 1474 Insula
330 1443 354 1474 se
371 1426 472 1484 Pithaci,
489 1443 595 1494 namque
611 1427 700 1475 ducem
715 1427 812 1474 statuit:

182 1497 271 1545 Donec
284 1497 437 1546 Athenarum
448 1497 559 1547 finiretur
572 1515 645 1564 grave
658 1498 758 1557 bellum,

232 1569 320 1617 Gentis
337 1568 425 1618 habere
442 1586 497 1618 suae
512 1570 613 1636 pertulit
629 1569 775 1636 imperium;

183 1641 245 1688 Mox
261 1641 393 1689 Mitileneis
409 1641 493 1689 invitis
509 1642 560 1689 iura
577 1641 676 1700 remisit,

231 1712 294 1777 Agri
311 1712 442 1761 dimidium
458 1729 515 1761 cum
531 1712 587 1761 dare
604 1724 691 1779 sponte
706 1712 791 1771 velint,

184 1784 266 1845 Quem
272 1783 319 1832 sibi
324 1795 480 1851 praereptum
489 1784 596 1850 gaudent
601 1783 736 1851 pugnando
743 1795 895 1850 resumptum

233 1855 332 1903 Sumere
349 1855 391 1903 sed
407 1856 488 1903 renuit
504 1856 569 1904 hunc
586 1857 654 1923 quasi
669 1870 715 1922 pro
732 1854 832 1903 metitis.

183 1925 290 1991 Legibus
307 1925 424 1975 informat
440 1928 572 1975 Locrenses
589 1944 641 1975 non
656 1926 791 1975 inhonestis

231 1997 282 2046 Illis
298 1998 450 2065 praepositus
468 1999 586 2047 Zaleucus
602 1998 718 2065 populis;

183 2069 276 2118 Privati
292 2070 395 2135 geminis
412 2070 490 2118 oculis
507 2071 587 2119 civem
603 2070 727 2129 stabilivit,

233 2142 376 2189 Committat
391 2140 477 2190 fedum
492 2142 512 2189 si
529 2142 583 2207 quis
599 2142 761 2200 adulterium;
896 2150 941 2186 fica

183 2214 269 2261 Latam
284 2212 409 2261 mechatur
423 2225 481 2280 post
496 2214 577 2278 legem
592 2212 656 2261 filius
673 2213 733 2271 eiuS,

232 2284 324 2333 Privati
340 2285 437 2349 genitor
452 2285 569 2352 praecipit
585 2284 650 2333 hunc
666 2285 752 2343 oculis,

184 2357 274 2403 Exorat
290 2355 373 2404 iuveni
389 2356 481 2404 crimen
496 2356 564 2423 plebs
581 2367 633 2404 tota
648 2356 752 2404 remitti:

232 2428 271 2476 Ne
287 2427 368 2492 legem
383 2438 492 2486 temeret,
508 2427 617 2493 negligat
633 2439 674 2475 aut
689 2427 819 2494 populum,

183 2498 295 2546 Abstulit
304 2515 383 2546 unum
391 2499 493 2546 oculum
501 2510 568 2557 nato,
579 2498 625 2547 sibi
635 2498 739 2566 dempsit
749 2510 773 2547 er
781 2514 866 2555 unum,

233 2570 298 2618 Hinc
313 2570 439 2635 legislator
454 2571 531 2618 iustus
548 2582 571 2618 at
587 2570 645 2618 hinc
660 2571 764 2636 genitor.

147 2698 169 2730 74
180 2694 283 2731 sesuprascr.
312 2687 494 2731 pithaei:hsuprascr.
544 2687 707 2732 83(o).(culis)ras.
756 2691 777 2730 84
785 2686 894 2722 committat:

112 2743 119 2769 t
130 2742 209 2779 suprascr.
259 2738 277 2778 85
291 2735 391 2769 mechatur:
404 2734 416 2768 h
426 2742 505 2778 stprascr.
554 2739 574 2779 89
584 2735 689 2779 (o).(culum)
698 2747 737 2770 ras..
840 2743 841 2746 ’
