<?xml version="1.0" encoding="UTF-8"?>
<!DOCTYPE html PUBLIC "-//W3C//DTD XHTML 1.0 Transitional//EN"
    "http://www.w3.org/TR/xhtml1/DTD/xhtml1-transitional.dtd">
<html xmlns="http://www.w3.org/1999/xhtml" xml:lang="en" lang="en">
 <head>
  <title>
</title>
<meta http-equiv="Content-Type" content="text/html;charset=utf-8" />
  <meta name='ocr-system' content='tesseract 3.04.00' />
  <meta name='ocr-capabilities' content='ocr_page ocr_carea ocr_par ocr_line ocrx_word'/>
</head>
<body>
  <div class='ocr_page' id='page_1' title='image "MN40034ucmf_3_0511.png"; bbox 0 0 2068 3216; ppageno 0'>
   <div class='ocr_carea' id='block_1_1' title="bbox 230 139 747 245">
    <p class='ocr_par' dir='ltr' id='par_1_1' title="bbox 230 139 747 245">
     <span class='ocr_line' id='line_1_1' title="bbox 230 139 282 184; baseline 0 0"><span class='ocrx_word' id='word_1_1' title='bbox 230 140 247 184; x_wconf 82' lang='lat'><strong>4</strong></span> <span class='ocrx_word' id='word_1_2' title='bbox 266 139 282 184; x_wconf 86' lang='lat'>4</span> 
     </span>
     <span class='ocr_line' id='line_1_2' title="bbox 250 140 747 245; baseline 0.002 -1"><span class='ocrx_word' id='word_1_3' title='bbox 250 140 261 186; x_wconf 58' lang='lat'><em>3</em></span> <span class='ocrx_word' id='word_1_4' title='bbox 421 210 555 245; x_wconf 73' lang='lat' dir='ltr'>mancum</span> <span class='ocrx_word' id='word_1_5' title='bbox 572 211 590 245; x_wconf 92' lang='lat' dir='ltr'>s.</span> <span class='ocrx_word' id='word_1_6' title='bbox 607 210 747 245; x_wconf 77' lang='lat' dir='ltr'>anuumcm</span> 
     </span>
    </p>
   </div>
   <div class='ocr_carea' id='block_1_2' title="bbox 231 338 1000 2487">
    <p class='ocr_par' dir='ltr' id='par_1_2' title="bbox 231 338 1000 2487">
     <span class='ocr_line' id='line_1_3' title="bbox 280 338 925 407; baseline 0.006 -21"><span class='ocrx_word' id='word_1_7' title='bbox 280 339 379 387; x_wconf 92' lang='lat' dir='ltr'>Horum</span> <span class='ocrx_word' id='word_1_8' title='bbox 386 355 445 387; x_wconf 87' lang='lat' dir='ltr'>mox</span> <span class='ocrx_word' id='word_1_9' title='bbox 452 338 588 404; x_wconf 89' lang='lat' dir='ltr'>plaustrum</span> <span class='ocrx_word' id='word_1_10' title='bbox 597 351 642 389; x_wconf 90' lang='lat' dir='ltr'>stat</span> <span class='ocrx_word' id='word_1_11' title='bbox 650 341 719 406; x_wconf 87' lang='lat' dir='ltr'>quasi</span> <span class='ocrx_word' id='word_1_12' title='bbox 728 356 800 393; x_wconf 91' lang='lat' dir='ltr'>mons</span> <span class='ocrx_word' id='word_1_13' title='bbox 808 340 925 407; x_wconf 87' lang='lat' dir='ltr'>rigidum.</span> 
     </span>
     <span class='ocr_line' id='line_1_4' title="bbox 231 410 920 478; baseline 0.004 -19"><span class='ocrx_word' id='word_1_14' title='bbox 231 411 301 460; x_wconf 92' lang='lat' dir='ltr'>Dum</span> <span class='ocrx_word' id='word_1_15' title='bbox 311 410 396 459; x_wconf 88' lang='lat' dir='ltr'>scribis</span> <span class='ocrx_word' id='word_1_16' title='bbox 408 427 422 457; x_wconf 91' lang='lat'>‹&lt;</span> <span class='ocrx_word' id='word_1_17' title='bbox 437 426 520 459; x_wconf 91' lang='lat' dir='ltr'>carum</span> <span class='ocrx_word' id='word_1_18' title='bbox 529 428 552 470; x_wconf 89' lang='lat'>&gt;›,</span> <span class='ocrx_word' id='word_1_19' title='bbox 564 411 630 461; x_wconf 89' lang='lat' dir='ltr'>deles</span> <span class='ocrx_word' id='word_1_20' title='bbox 641 423 665 461; x_wconf 88' lang='lat' dir='ltr'>et</span> <span class='ocrx_word' id='word_1_21' title='bbox 677 430 691 460; x_wconf 89' lang='lat'>«</span> <span class='ocrx_word' id='word_1_22' title='bbox 699 413 749 462; x_wconf 88' lang='lat' dir='ltr'>vile</span> <span class='ocrx_word' id='word_1_23' title='bbox 757 430 772 461; x_wconf 89' lang='grc'>&gt;&gt;</span> <span class='ocrx_word' id='word_1_24' title='bbox 783 423 920 478; x_wconf 89' lang='lat' dir='ltr'>paternum,</span> 
     </span>
     <span class='ocr_line' id='line_1_5' title="bbox 279 481 847 551; baseline 0.007 -20"><span class='ocrx_word' id='word_1_25' title='bbox 279 481 348 531; x_wconf 88' lang='lat' dir='ltr'>Litus</span> <span class='ocrx_word' id='word_1_26' title='bbox 364 482 391 530; x_wconf 93' lang='lat' dir='ltr'>in</span> <span class='ocrx_word' id='word_1_27' title='bbox 406 481 536 532; x_wconf 89' lang='lat' dir='ltr'>adversum</span> <span class='ocrx_word' id='word_1_28' title='bbox 551 494 575 532; x_wconf 93' lang='lat' dir='ltr'>te</span> <span class='ocrx_word' id='word_1_29' title='bbox 591 484 674 533; x_wconf 88' lang='lat' dir='ltr'>tremis</span> <span class='ocrx_word' id='word_1_30' title='bbox 691 484 847 551; x_wconf 65' lang='lat' dir='ltr'>expositum</span> 
     </span>
     <span class='ocr_line' id='line_1_6' title="bbox 231 554 812 620; baseline 0 -17"><span class='ocrx_word' id='word_1_31' title='bbox 231 554 388 603; x_wconf 82' lang='lat' dir='ltr'>Daemonicis</span> <span class='ocrx_word' id='word_1_32' title='bbox 405 554 486 620; x_wconf 85' lang='lat' dir='ltr'>flagris</span> <span class='ocrx_word' id='word_1_33' title='bbox 501 555 623 620; x_wconf 89' lang='lat' dir='ltr'>torqueris</span> <span class='ocrx_word' id='word_1_34' title='bbox 638 555 741 605; x_wconf 88' lang='lat' dir='ltr'>traditus</span> <span class='ocrx_word' id='word_1_35' title='bbox 755 555 812 615; x_wconf 90' lang='lat' dir='ltr'>illis,</span> 
     </span>
     <span class='ocr_line' id='line_1_7' title="bbox 280 626 867 692; baseline 0 -16"><span class='ocrx_word' id='word_1_36' title='bbox 280 627 424 692; x_wconf 77' lang='lat' dir='ltr'><strong>Numquam</strong></span> <span class='ocrx_word' id='word_1_37' title='bbox 438 626 528 675; x_wconf 90' lang='lat' dir='ltr'>curaris</span> <span class='ocrx_word' id='word_1_38' title='bbox 545 627 634 677; x_wconf 91' lang='lat' dir='ltr'>mentis</span> <span class='ocrx_word' id='word_1_39' title='bbox 649 627 730 688; x_wconf 78' lang='lat' dir='ltr'>inobS,</span> <span class='ocrx_word' id='word_1_40' title='bbox 747 627 790 677; x_wconf 91' lang='lat' dir='ltr'>sed</span> <span class='ocrx_word' id='word_1_41' title='bbox 805 627 867 677; x_wconf 89' lang='lat' dir='ltr'>obis.</span> 
     </span>
     <span class='ocr_line' id='line_1_8' title="bbox 231 697 792 765; baseline 0.005 -19"><span class='ocrx_word' id='word_1_42' title='bbox 231 698 336 747; x_wconf 86' lang='lat' dir='ltr'>Incurris</span> <span class='ocrx_word' id='word_1_43' title='bbox 353 697 476 758; x_wconf 83' lang='lat' dir='ltr'>morbum,</span> <span class='ocrx_word' id='word_1_44' title='bbox 493 698 603 759; x_wconf 91' lang='lat' dir='ltr'>Gauteri,</span> <span class='ocrx_word' id='word_1_45' title='bbox 618 699 792 765; x_wconf 90' lang='lat' dir='ltr'>perniciosum,</span> 
     </span>
     <span class='ocr_line' id='line_1_9' title="bbox 279 769 825 840; baseline 0.002 -22"><span class='ocrx_word' id='word_1_46' title='bbox 279 769 364 819; x_wconf 87' lang='lat' dir='ltr'>Audes</span> <span class='ocrx_word' id='word_1_47' title='bbox 380 770 521 819; x_wconf 88' lang='lat' dir='ltr'>commissas</span> <span class='ocrx_word' id='word_1_48' title='bbox 538 770 599 821; x_wconf 91' lang='lat' dir='ltr'>dum</span> <span class='ocrx_word' id='word_1_49' title='bbox 614 771 671 820; x_wconf 90' lang='lat' dir='ltr'>dare</span> <span class='ocrx_word' id='word_1_50' title='bbox 686 771 825 840; x_wconf 83' lang='lat' dir='ltr'>relliquias3</span> 
     </span>
     <span class='ocr_line' id='line_1_10' title="bbox 231 842 836 901; baseline 0.003 -11"><span class='ocrx_word' id='word_1_51' title='bbox 231 842 316 890; x_wconf 90' lang='lat' dir='ltr'>Fassus</span> <span class='ocrx_word' id='word_1_52' title='bbox 333 842 450 892; x_wconf 89' lang='lat' dir='ltr'>delictum</span> <span class='ocrx_word' id='word_1_53' title='bbox 466 842 563 901; x_wconf 89' lang='lat' dir='ltr'>sanaris,</span> <span class='ocrx_word' id='word_1_54' title='bbox 578 858 632 891; x_wconf 94' lang='lat' dir='ltr'>non</span> <span class='ocrx_word' id='word_1_55' title='bbox 646 853 728 892; x_wconf 89' lang='lat' dir='ltr'>tamen</span> <span class='ocrx_word' id='word_1_56' title='bbox 743 858 836 893; x_wconf 92' lang='lat' dir='ltr'>annum</span> 
     </span>
     <span class='ocr_line' id='line_1_11' title="bbox 279 914 784 981; baseline 0.006 -20"><span class='ocrx_word' id='word_1_57' title='bbox 279 914 365 980; x_wconf 91' lang='lat' dir='ltr'>Ipsum</span> <span class='ocrx_word' id='word_1_58' title='bbox 379 914 518 981; x_wconf 77' lang='lat' dir='ltr'>pertransis,</span> <span class='ocrx_word' id='word_1_59' title='bbox 533 925 571 962; x_wconf 92' lang='lat' dir='ltr'>ast</span> <span class='ocrx_word' id='word_1_60' title='bbox 585 914 612 962; x_wconf 93' lang='lat' dir='ltr'>in</span> <span class='ocrx_word' id='word_1_61' title='bbox 627 930 658 962; x_wconf 90' lang='lat' dir='ltr'>eo</span> <span class='ocrx_word' id='word_1_62' title='bbox 674 914 784 965; x_wconf 86' lang='lat' dir='ltr'>moreris.</span> 
     </span>
     <span class='ocr_line' id='line_1_12' title="bbox 231 985 844 1046; baseline 0.003 -13"><span class='ocrx_word' id='word_1_63' title='bbox 231 985 327 1035; x_wconf 92' lang='lat' dir='ltr'>Patrem</span> <span class='ocrx_word' id='word_1_64' title='bbox 343 985 484 1045; x_wconf 83' lang='lat' dir='ltr'>subsannas,</span> <span class='ocrx_word' id='word_1_65' title='bbox 500 1002 605 1036; x_wconf 84' lang='lat' dir='ltr'>messem</span> <span class='ocrx_word' id='word_1_66' title='bbox 620 1002 726 1036; x_wconf 86' lang='lat' dir='ltr'>resecare</span> <span class='ocrx_word' id='word_1_67' title='bbox 741 985 844 1046; x_wconf 88' lang='lat' dir='ltr'>laboras,</span> 
     </span>
     <span class='ocr_line' id='line_1_13' title="bbox 281 1057 881 1124; baseline 0.005 -19"><span class='ocrx_word' id='word_1_68' title='bbox 281 1057 366 1117; x_wconf 82' lang='lat' dir='ltr'>Caedis</span> <span class='ocrx_word' id='word_1_69' title='bbox 381 1072 426 1124; x_wconf 91' lang='lat' dir='ltr'>per</span> <span class='ocrx_word' id='word_1_70' title='bbox 441 1057 558 1117; x_wconf 91' lang='lat' dir='ltr'>medium,</span> <span class='ocrx_word' id='word_1_71' title='bbox 574 1057 675 1117; x_wconf 74' lang='lat' dir='ltr'>rustice,</span> <span class='ocrx_word' id='word_1_72' title='bbox 687 1057 749 1107; x_wconf 85' lang='lat' dir='ltr'>falce</span> <span class='ocrx_word' id='word_1_73' title='bbox 764 1073 881 1118; x_wconf 79' lang='lat' dir='ltr'>manum3</span> 
     </span>
     <span class='ocr_line' id='line_1_14' title="bbox 231 1128 870 1196; baseline 0.002 -19"><span class='ocrx_word' id='word_1_74' title='bbox 231 1128 310 1177; x_wconf 86' lang='lat' dir='ltr'>Aiunt</span> <span class='ocrx_word' id='word_1_75' title='bbox 324 1129 438 1195; x_wconf 91' lang='lat' dir='ltr'>illapsum</span> <span class='ocrx_word' id='word_1_76' title='bbox 453 1129 574 1189; x_wconf 92' lang='lat' dir='ltr'>cumulos,</span> <span class='ocrx_word' id='word_1_77' title='bbox 591 1129 710 1189; x_wconf 88' lang='lat' dir='ltr'>animalia,</span> <span class='ocrx_word' id='word_1_78' title='bbox 725 1130 870 1196; x_wconf 85' lang='lat' dir='ltr'>plaustrum,</span> 
     </span>
     <span class='ocr_line' id='line_1_15' title="bbox 269 1200 894 1266; baseline 0.002 -18"><span class='ocrx_word' id='word_1_79' title='bbox 269 1200 467 1266; x_wconf 21' lang='lat' dir='ltr'>,Consumpsisse</span> <span class='ocrx_word' id='word_1_80' title='bbox 482 1201 568 1252; x_wconf 86' lang='lat' dir='ltr'>focum</span> <span class='ocrx_word' id='word_1_81' title='bbox 583 1212 675 1250; x_wconf 89' lang='lat' dir='ltr'>caetera</span> <span class='ocrx_word' id='word_1_82' title='bbox 690 1217 767 1250; x_wconf 91' lang='lat' dir='ltr'>necne</span> <span class='ocrx_word' id='word_1_83' title='bbox 783 1201 894 1252; x_wconf 92' lang='lat' dir='ltr'>domum.</span> 
     </span>
     <span class='ocr_line' id='line_1_16' title="bbox 231 1271 874 1332; baseline -0.002 -10"><span class='ocrx_word' id='word_1_84' title='bbox 231 1273 266 1322; x_wconf 93' lang='lat' dir='ltr'>At</span> <span class='ocrx_word' id='word_1_85' title='bbox 281 1288 327 1320; x_wconf 91' lang='lat' dir='ltr'>nec</span> <span class='ocrx_word' id='word_1_86' title='bbox 342 1271 466 1322; x_wconf 90' lang='lat' dir='ltr'>dissimilis</span> <span class='ocrx_word' id='word_1_87' title='bbox 483 1273 605 1322; x_wconf 80' lang='lat' dir='ltr'>Ga&#39;uterus</span> <span class='ocrx_word' id='word_1_88' title='bbox 621 1271 723 1321; x_wconf 88' lang='lat' dir='ltr'>habetur</span> <span class='ocrx_word' id='word_1_89' title='bbox 738 1273 764 1321; x_wconf 89' lang='lat' dir='ltr'>in</span> <span class='ocrx_word' id='word_1_90' title='bbox 779 1272 840 1332; x_wconf 91' lang='lat' dir='ltr'>istis,</span> <span class='ocrx_word' id='word_1_91' title='bbox 872 1300 874 1302; x_wconf 95' lang='lat'>·</span> 
     </span>
     <span class='ocr_line' id='line_1_17' title="bbox 279 1343 883 1410; baseline 0 -18"><span class='ocrx_word' id='word_1_92' title='bbox 279 1343 351 1393; x_wconf 88' lang='lat' dir='ltr'>Visio</span> <span class='ocrx_word' id='word_1_93' title='bbox 368 1360 442 1409; x_wconf 91' lang='lat' dir='ltr'>quem</span> <span class='ocrx_word' id='word_1_94' title='bbox 457 1344 555 1395; x_wconf 91' lang='lat' dir='ltr'>monuit</span> <span class='ocrx_word' id='word_1_95' title='bbox 569 1344 680 1410; x_wconf 83' lang='lat' dir='ltr'>linquere</span> <span class='ocrx_word' id='word_1_96' title='bbox 696 1360 757 1410; x_wconf 88' lang='lat' dir='ltr'>quae</span> <span class='ocrx_word' id='word_1_97' title='bbox 772 1344 883 1410; x_wconf 88' lang='lat' dir='ltr'>peragit;</span> 
     </span>
     <span class='ocr_line' id='line_1_18' title="bbox 231 1415 870 1482; baseline -0.003 -16"><span class='ocrx_word' id='word_1_98' title='bbox 231 1415 338 1482; x_wconf 84' lang='lat' dir='ltr'>Vapulat</span> <span class='ocrx_word' id='word_1_99' title='bbox 352 1415 477 1475; x_wconf 86' lang='lat' dir='ltr'>inmensis,</span> <span class='ocrx_word' id='word_1_100' title='bbox 493 1432 545 1464; x_wconf 92' lang='lat' dir='ltr'>non</span> <span class='ocrx_word' id='word_1_101' title='bbox 560 1415 683 1465; x_wconf 87' lang='lat' dir='ltr'>consentit</span> <span class='ocrx_word' id='word_1_102' title='bbox 698 1417 763 1482; x_wconf 86' lang='lat' dir='ltr'>quia,</span> <span class='ocrx_word' id='word_1_103' title='bbox 780 1416 870 1482; x_wconf 85' lang='lat' dir='ltr'>flagris,</span> 
     </span>
     <span class='ocr_line' id='line_1_19' title="bbox 280 1487 824 1556; baseline 0 -19"><span class='ocrx_word' id='word_1_104' title='bbox 280 1487 363 1537; x_wconf 88' lang='lat' dir='ltr'>Vicini</span> <span class='ocrx_word' id='word_1_105' title='bbox 377 1488 480 1556; x_wconf 88' lang='lat' dir='ltr'>proprio</span> <span class='ocrx_word' id='word_1_106' title='bbox 497 1503 571 1553; x_wconf 91' lang='lat' dir='ltr'>quem</span> <span class='ocrx_word' id='word_1_107' title='bbox 586 1487 695 1536; x_wconf 83' lang='lat' dir='ltr'>referunt</span> <span class='ocrx_word' id='word_1_108' title='bbox 709 1487 741 1537; x_wconf 89' lang='lat' dir='ltr'>ab</span> <span class='ocrx_word' id='word_1_109' title='bbox 755 1503 824 1553; x_wconf 82' lang='lat' dir='ltr'>agm.</span> 
     </span>
     <span class='ocr_line' id='line_1_20' title="bbox 233 1558 859 1627; baseline -0.003 -17"><span class='ocrx_word' id='word_1_110' title='bbox 233 1561 295 1610; x_wconf 88' lang='lat' dir='ltr'>Oras</span> <span class='ocrx_word' id='word_1_111' title='bbox 311 1559 372 1610; x_wconf 91' lang='lat' dir='ltr'>dum</span> <span class='ocrx_word' id='word_1_112' title='bbox 388 1559 467 1625; x_wconf 86' lang='lat' dir='ltr'>stagni</span> <span class='ocrx_word' id='word_1_113' title='bbox 482 1558 551 1609; x_wconf 81' lang='lat' dir='ltr'>uidet</span> <span class='ocrx_word' id='word_1_114' title='bbox 565 1559 672 1624; x_wconf 85' lang='lat' dir='ltr'>armiger</span> <span class='ocrx_word' id='word_1_115' title='bbox 686 1575 770 1608; x_wconf 89' lang='lat' dir='ltr'>ansere</span> <span class='ocrx_word' id='word_1_116' title='bbox 784 1559 859 1627; x_wconf 90' lang='lat' dir='ltr'>pasci,</span> 
     </span>
     <span class='ocr_line' id='line_1_21' title="bbox 280 1629 786 1697; baseline -0.002 -17"><span class='ocrx_word' id='word_1_117' title='bbox 280 1631 405 1680; x_wconf 87' lang='lat' dir='ltr'>Accelerat</span> <span class='ocrx_word' id='word_1_118' title='bbox 420 1630 508 1680; x_wconf 88' lang='lat' dir='ltr'>frustra</span> <span class='ocrx_word' id='word_1_119' title='bbox 524 1629 549 1679; x_wconf 81' lang='lat' dir='ltr'>s&#39;e</span> <span class='ocrx_word' id='word_1_120' title='bbox 566 1630 705 1680; x_wconf 87' lang='lat' dir='ltr'>stimulante</span> <span class='ocrx_word' id='word_1_121' title='bbox 720 1630 786 1697; x_wconf 89' lang='lat' dir='ltr'>gula,</span> 
     </span>
     <span class='ocr_line' id='line_1_22' title="bbox 232 1702 871 1770; baseline 0 -17"><span class='ocrx_word' id='word_1_122' title='bbox 232 1705 310 1769; x_wconf 85' lang='lat' dir='ltr'>Urget</span> <span class='ocrx_word' id='word_1_123' title='bbox 325 1702 484 1769; x_wconf 85' lang='lat' dir='ltr'>cornipedem</span> <span class='ocrx_word' id='word_1_124' title='bbox 497 1709 612 1770; x_wconf 85' lang='lat' dir='ltr'>praeceps</span> <span class='ocrx_word' id='word_1_125' title='bbox 628 1702 760 1751; x_wconf 87' lang='lat' dir='ltr'>calcaribus</span> <span class='ocrx_word' id='word_1_126' title='bbox 776 1713 871 1763; x_wconf 81' lang='lat' dir='ltr'>acrem,</span> 
     </span>
     <span class='ocr_line' id='line_1_23' title="bbox 283 1774 788 1839; baseline -0.002 -16"><span class='ocrx_word' id='word_1_127' title='bbox 283 1775 315 1823; x_wconf 91' lang='lat' dir='ltr'>Et</span> <span class='ocrx_word' id='word_1_128' title='bbox 331 1774 469 1825; x_wconf 90' lang='lat' dir='ltr'>submersus</span> <span class='ocrx_word' id='word_1_129' title='bbox 485 1774 554 1839; x_wconf 90' lang='lat' dir='ltr'>aquis</span> <span class='ocrx_word' id='word_1_130' title='bbox 570 1774 731 1824; x_wconf 89' lang='lat' dir='ltr'>intumulatur</span> <span class='ocrx_word' id='word_1_131' title='bbox 746 1774 788 1823; x_wconf 75' lang='lat' dir='ltr'>ein.</span> 
     </span>
     <span class='ocr_line' id='line_1_24' title="bbox 233 1844 942 1906; baseline -0.001 -9"><span class='ocrx_word' id='word_1_132' title='bbox 233 1845 358 1897; x_wconf 86' lang='lat' dir='ltr'>Subtrahis</span> <span class='ocrx_word' id='word_1_133' title='bbox 374 1845 486 1897; x_wconf 89' lang='lat' dir='ltr'>oblatum</span> <span class='ocrx_word' id='word_1_134' title='bbox 500 1844 586 1895; x_wconf 79' lang='lat' dir='ltr'>furtim</span> <span class='ocrx_word' id='word_1_135' title='bbox 597 1845 665 1905; x_wconf 91' lang='lat' dir='ltr'>dum,</span> <span class='ocrx_word' id='word_1_136' title='bbox 681 1844 808 1906; x_wconf 88' lang='lat' dir='ltr'>monache,</span> <span class='ocrx_word' id='word_1_137' title='bbox 824 1845 942 1905; x_wconf 87' lang='lat' dir='ltr'>lichnum,</span> 
     </span>
     <span class='ocr_line' id='line_1_25' title="bbox 279 1917 806 1983; baseline 0 -17"><span class='ocrx_word' id='word_1_138' title='bbox 279 1919 309 1966; x_wconf 91' lang='lat' dir='ltr'>In</span> <span class='ocrx_word' id='word_1_139' title='bbox 325 1917 417 1969; x_wconf 91' lang='lat' dir='ltr'>somnis</span> <span class='ocrx_word' id='word_1_140' title='bbox 434 1918 542 1968; x_wconf 87' lang='lat' dir='ltr'>monitus</span> <span class='ocrx_word' id='word_1_141' title='bbox 558 1917 664 1966; x_wconf 86' lang='lat' dir='ltr'>restituis</span> <span class='ocrx_word' id='word_1_142' title='bbox 680 1917 806 1983; x_wconf 83' lang='lat' dir='ltr'>trepidus3</span> 
     </span>
     <span class='ocr_line' id='line_1_26' title="bbox 231 1989 887 2056; baseline -0.002 -17"><span class='ocrx_word' id='word_1_143' title='bbox 231 1991 308 2039; x_wconf 91' lang='lat' dir='ltr'>Porro</span> <span class='ocrx_word' id='word_1_144' title='bbox 325 1989 377 2040; x_wconf 88' lang='lat' dir='ltr'>dies</span> <span class='ocrx_word' id='word_1_145' title='bbox 392 2003 436 2056; x_wconf 90' lang='lat' dir='ltr'>per</span> <span class='ocrx_word' id='word_1_146' title='bbox 451 2000 500 2038; x_wconf 89' lang='lat' dir='ltr'>tres</span> <span class='ocrx_word' id='word_1_147' title='bbox 515 1989 605 2056; x_wconf 90' lang='lat' dir='ltr'>pateris</span> <span class='ocrx_word' id='word_1_148' title='bbox 619 2004 667 2056; x_wconf 85' lang='lat' dir='ltr'>pro</span> <span class='ocrx_word' id='word_1_149' title='bbox 682 1989 784 2038; x_wconf 89' lang='lat' dir='ltr'>crimine</span> <span class='ocrx_word' id='word_1_150' title='bbox 798 1989 887 2049; x_wconf 81' lang='lat' dir='ltr'>febres,</span> 
     </span>
     <span class='ocr_line' id='line_1_27' title="bbox 281 2060 747 2127; baseline 0.002 -17"><span class='ocrx_word' id='word_1_151' title='bbox 281 2062 425 2112; x_wconf 89' lang='lat' dir='ltr'>Committas</span> <span class='ocrx_word' id='word_1_152' title='bbox 442 2078 498 2110; x_wconf 89' lang='lat' dir='ltr'>sane</span> <span class='ocrx_word' id='word_1_153' title='bbox 512 2071 598 2127; x_wconf 88' lang='lat' dir='ltr'>postea</span> <span class='ocrx_word' id='word_1_154' title='bbox 613 2077 645 2109; x_wconf 90' lang='lat' dir='ltr'>ne</span> <span class='ocrx_word' id='word_1_155' title='bbox 661 2060 747 2112; x_wconf 90' lang='lat' dir='ltr'>simile.</span> 
     </span>
     <span class='ocr_line' id='line_1_28' title="bbox 231 2131 1000 2198; baseline -0.005 -16"><span class='ocrx_word' id='word_1_156' title='bbox 231 2134 301 2183; x_wconf 91' lang='lat' dir='ltr'>Dum</span> <span class='ocrx_word' id='word_1_157' title='bbox 316 2132 405 2182; x_wconf 87' lang='lat' dir='ltr'>residet</span> <span class='ocrx_word' id='word_1_158' title='bbox 420 2133 510 2181; x_wconf 89' lang='lat' dir='ltr'>mensis</span> <span class='ocrx_word' id='word_1_159' title='bbox 526 2132 631 2197; x_wconf 87' lang='lat' dir='ltr'>inopum</span> <span class='ocrx_word' id='word_1_160' title='bbox 645 2132 749 2184; x_wconf 90' lang='lat' dir='ltr'>lacrimis</span> <span class='ocrx_word' id='word_1_161' title='bbox 766 2132 812 2181; x_wconf 91' lang='lat' dir='ltr'>sibi</span> <span class='ocrx_word' id='word_1_162' title='bbox 827 2131 910 2198; x_wconf 89' lang='lat' dir='ltr'>partis,</span> <span class='ocrx_word' id='word_1_163' title='bbox 942 2142 955 2178; x_wconf 83' lang='lat' dir='ltr'>f.</span> <span class='ocrx_word' id='word_1_164' title='bbox 968 2154 1000 2187; x_wconf 83' lang='lat'>175</span> 
     </span>
     <span class='ocr_line' id='line_1_29' title="bbox 281 2204 795 2271; baseline 0.002 -19"><span class='ocrx_word' id='word_1_165' title='bbox 281 2204 381 2253; x_wconf 88' lang='lat' dir='ltr'>Excitur</span> <span class='ocrx_word' id='word_1_166' title='bbox 397 2219 497 2253; x_wconf 87' lang='lat' dir='ltr'>resonae</span> <span class='ocrx_word' id='word_1_167' title='bbox 513 2220 576 2253; x_wconf 91' lang='lat' dir='ltr'>voce</span> <span class='ocrx_word' id='word_1_168' title='bbox 591 2214 690 2271; x_wconf 87' lang='lat' dir='ltr'>repente</span> <span class='ocrx_word' id='word_1_169' title='bbox 706 2204 795 2263; x_wconf 91' lang='lat' dir='ltr'>tubae;</span> 
     </span>
     <span class='ocr_line' id='line_1_30' title="bbox 231 2274 862 2342; baseline -0.003 -16"><span class='ocrx_word' id='word_1_170' title='bbox 231 2276 345 2326; x_wconf 86' lang='lat' dir='ltr'>Accurrit</span> <span class='ocrx_word' id='word_1_171' title='bbox 360 2276 434 2342; x_wconf 86' lang='lat' dir='ltr'>raptis</span> <span class='ocrx_word' id='word_1_172' title='bbox 450 2276 514 2325; x_wconf 88' lang='lat' dir='ltr'>celer</span> <span class='ocrx_word' id='word_1_173' title='bbox 529 2274 723 2325; x_wconf 89' lang='lat' dir='ltr'>Archembaldus</span> <span class='ocrx_word' id='word_1_174' title='bbox 739 2276 765 2324; x_wconf 95' lang='lat' dir='ltr'>in</span> <span class='ocrx_word' id='word_1_175' title='bbox 781 2276 862 2335; x_wconf 90' lang='lat' dir='ltr'>armis,</span> 
     </span>
     <span class='ocr_line' id='line_1_31' title="bbox 280 2347 760 2415; baseline 0 -19"><span class='ocrx_word' id='word_1_176' title='bbox 280 2348 417 2396; x_wconf 88' lang='lat' dir='ltr'>Percutitur</span> <span class='ocrx_word' id='word_1_177' title='bbox 431 2348 481 2396; x_wconf 92' lang='lat' dir='ltr'>telo</span> <span class='ocrx_word' id='word_1_178' title='bbox 497 2359 608 2415; x_wconf 88' lang='lat' dir='ltr'>tempora</span> <span class='ocrx_word' id='word_1_179' title='bbox 623 2347 760 2397; x_wconf 89' lang='lat' dir='ltr'>mortifero.</span> 
     </span>
     <span class='ocr_line' id='line_1_32' title="bbox 232 2417 870 2487; baseline 0 -20"><span class='ocrx_word' id='word_1_180' title='bbox 232 2421 280 2468; x_wconf 87' lang='lat' dir='ltr'>Res</span> <span class='ocrx_word' id='word_1_181' title='bbox 295 2436 377 2469; x_wconf 85' lang='lat' dir='ltr'>nova:</span> <span class='ocrx_word' id='word_1_182' title='bbox 393 2419 527 2487; x_wconf 84' lang='lat' dir='ltr'>percrebris</span> <span class='ocrx_word' id='word_1_183' title='bbox 543 2417 665 2467; x_wconf 89' lang='lat' dir='ltr'>terebrato</span> <span class='ocrx_word' id='word_1_184' title='bbox 681 2436 738 2468; x_wconf 88' lang='lat' dir='ltr'>vase</span> <span class='ocrx_word' id='word_1_185' title='bbox 753 2419 870 2483; x_wconf 80' lang='lat' dir='ltr'>cavernis,</span> 
     </span>
    </p>
   </div>
   <div class='ocr_carea' id='block_1_3' title="bbox 158 2582 943 2773">
    <p class='ocr_par' dir='ltr' id='par_1_3' title="bbox 158 2582 943 2773">
     <span class='ocr_line' id='line_1_33' title="bbox 205 2582 943 2629; baseline -0.004 -9"><span class='ocrx_word' id='word_1_186' title='bbox 205 2589 237 2629; x_wconf 86' lang='lat'>708</span> <span class='ocrx_word' id='word_1_187' title='bbox 247 2585 313 2629; x_wconf 72' lang='lat' dir='ltr'>(molus</span> <span class='ocrx_word' id='word_1_188' title='bbox 322 2587 351 2620; x_wconf 78' lang='lat' dir='ltr'>aix</span> <span class='ocrx_word' id='word_1_189' title='bbox 361 2585 391 2629; x_wconf 76' lang='lat' dir='ltr'>legi</span> <span class='ocrx_word' id='word_1_190' title='bbox 397 2591 456 2629; x_wconf 76' lang='lat' dir='ltr'>potest.</span> <span class='ocrx_word' id='word_1_191' title='bbox 524 2596 556 2629; x_wconf 81' lang='lat'>709</span> <span class='ocrx_word' id='word_1_192' title='bbox 567 2596 631 2619; x_wconf 83' lang='lat' dir='ltr'>eorum</span> <span class='ocrx_word' id='word_1_193' title='bbox 641 2583 682 2618; x_wconf 81' lang='lat' dir='ltr'>Ball.</span> <span class='ocrx_word' id='word_1_194' title='bbox 762 2595 795 2627; x_wconf 85' lang='lat'>710</span> <span class='ocrx_word' id='word_1_195' title='bbox 804 2583 853 2618; x_wconf 84' lang='lat' dir='ltr'>littus</span> <span class='ocrx_word' id='word_1_196' title='bbox 864 2582 904 2618; x_wconf 88' lang='lat' dir='ltr'>Boll.</span> <span class='ocrx_word' id='word_1_197' title='bbox 916 2582 943 2618; x_wconf 82' lang='lat' dir='ltr'>CI·</span> 
     </span>
     <span class='ocr_line' id='line_1_34' title="bbox 159 2631 942 2677; baseline -0.001 -10"><span class='ocrx_word' id='word_1_198' title='bbox 159 2644 191 2675; x_wconf 86' lang='lat'>712</span> <span class='ocrx_word' id='word_1_199' title='bbox 202 2633 253 2677; x_wconf 91' lang='lat' dir='ltr'>inops</span> <span class='ocrx_word' id='word_1_200' title='bbox 263 2632 304 2667; x_wconf 83' lang='lat' dir='ltr'>Ball.</span> <span class='ocrx_word' id='word_1_201' title='bbox 316 2633 342 2667; x_wconf 92' lang='lat' dir='ltr'>Cl.</span> <span class='ocrx_word' id='word_1_202' title='bbox 409 2644 440 2677; x_wconf 81' lang='lat'>719</span> <span class='ocrx_word' id='word_1_203' title='bbox 450 2641 523 2667; x_wconf 82' lang='lat' dir='ltr'>ctmctos</span> <span class='ocrx_word' id='word_1_204' title='bbox 534 2632 574 2667; x_wconf 80' lang='lat' dir='ltr'>Ball.</span> <span class='ocrx_word' id='word_1_205' title='bbox 634 2643 665 2676; x_wconf 76' lang='lat'>723</span> <span class='ocrx_word' id='word_1_206' title='bbox 678 2631 773 2673; x_wconf 86' lang='lat' dir='ltr'>immensis,</span> <span class='ocrx_word' id='word_1_207' title='bbox 786 2643 824 2666; x_wconf 91' lang='lat' dir='ltr'>non</span> <span class='ocrx_word' id='word_1_208' title='bbox 836 2632 890 2666; x_wconf 85' lang='lat' dir='ltr'>sentit</span> <span class='ocrx_word' id='word_1_209' title='bbox 902 2631 942 2666; x_wconf 84' lang='lat' dir='ltr'>Ball.</span> 
     </span>
     <span class='ocr_line' id='line_1_35' title="bbox 158 2679 943 2724; baseline -0.003 -9"><span class='ocrx_word' id='word_1_210' title='bbox 158 2681 191 2724; x_wconf 81' lang='lat'>726</span> <span class='ocrx_word' id='word_1_211' title='bbox 205 2692 223 2715; x_wconf 88' lang='lat' dir='ltr'>se</span> <span class='ocrx_word' id='word_1_212' title='bbox 236 2692 266 2716; x_wconf 82' lang='lat' dir='ltr'>rm.</span> <span class='ocrx_word' id='word_1_213' title='bbox 279 2679 320 2715; x_wconf 82' lang='lat' dir='ltr'>Ball.</span> <span class='ocrx_word' id='word_1_214' title='bbox 375 2691 407 2724; x_wconf 86' lang='lat'>729</span> <span class='ocrx_word' id='word_1_215' title='bbox 420 2680 503 2724; x_wconf 88' lang='lat' dir='ltr'>lychnum</span> <span class='ocrx_word' id='word_1_216' title='bbox 515 2679 595 2715; x_wconf 84' lang='lat' dir='ltr'>BollCl.</span> <span class='ocrx_word' id='word_1_217' title='bbox 649 2679 831 2723; x_wconf 77' lang='lat' dir='ltr'>732neposteaBoll.</span> <span class='ocrx_word' id='word_1_218' title='bbox 879 2679 943 2723; x_wconf 66' lang='lat' dir='ltr'>mla-</span> 
     </span>
     <span class='ocr_line' id='line_1_36' title="bbox 158 2728 475 2773; baseline 0 -10"><span class='ocrx_word' id='word_1_219' title='bbox 158 2729 221 2773; x_wconf 87' lang='lat' dir='ltr'>crymis</span> <span class='ocrx_word' id='word_1_220' title='bbox 229 2728 270 2763; x_wconf 82' lang='lat' dir='ltr'>Ball.</span> <span class='ocrx_word' id='word_1_221' title='bbox 279 2728 306 2763; x_wconf 90' lang='lat' dir='ltr'>Cl.</span> <span class='ocrx_word' id='word_1_222' title='bbox 354 2728 386 2773; x_wconf 75' lang='lat'>73⁶</span> <span class='ocrx_word' id='word_1_223' title='bbox 394 2729 475 2772; x_wconf 79' lang='lat' dir='ltr'>timpora.</span> 
     </span>
    </p>
   </div>
   <div class='ocr_carea' id='block_1_4' title="bbox 0 0 1041 3216">
    <p class='ocr_par' dir='ltr' id='par_1_4' title="bbox 0 0 1041 3216">
     <span class='ocr_line' id='line_1_37' title="bbox 0 0 1041 3216; baseline 0 0"><span class='ocrx_word' id='word_1_224' title='bbox 0 0 1041 3216; x_wconf 95' lang='lat' dir='ltr'> </span> 
     </span>
    </p>
   </div>
  </div>
 </body>
</html>
