2068 3216
769 159 801 190 20

192 229 226 263 DE
241 229 450 264 Mauouaaumus
465 215 532 263 VIII.
552 231 580 262 10
596 242 606 249 -
622 214 689 262 VIII.
709 230 735 261 11
804 160 818 204 7

110 357 211 406 Scevola
225 372 286 407 vero
301 358 351 424 pila
365 357 443 406 fertur
456 357 542 407 lusisse
557 357 643 423 perite,

158 428 245 478 Extitit
260 428 318 478 huic
332 429 404 478 ludus
420 430 535 489 calculus,
551 429 678 488 alveolus3

110 501 167 550 Hoc
181 500 328 551 diverticulo
344 513 452 550 mentem
466 501 587 550 recreabat
602 500 715 549 hanelam

157 573 217 622 Post
232 572 288 621 data
303 572 356 621 iura
370 571 436 632 foro,
451 584 509 640 post
525 588 590 622 sacra
605 570 760 640 pontificum,

110 644 176 693 Seria
192 656 294 693 sectatus
312 644 381 711 quasi
397 644 505 704 Scevola,
521 644 614 693 ludicra
629 655 755 709 tamquam

157 717 237 765 Laxus
253 714 340 781 agebat
355 714 441 776 homo,
458 716 556 782 segnior
571 716 598 764 in
613 727 709 765 neutro.
834 733 857 755 20

110 787 213 836 Morum
226 788 322 854 prolixa
337 799 479 854 praeceptor
494 787 630 836 harundine
646 798 750 854 sumpta,

157 859 224 908 Inter
239 874 309 908 crura
323 858 388 907 locat
403 875 472 908 more
488 859 555 908 rudis
570 859 658 926 pueri;

110 931 181 979 Hanc
195 947 254 980 cum
267 930 351 979 filiolis
366 930 456 997 plateas
472 930 605 996 equitando
620 942 740 996 peragrat,

157 1001 217 1052 Illos
234 1002 359 1069 Xantippe
373 1018 427 1051 cara
443 1002 490 1051 sibi
503 1002 615 1069 peperit:

111 1074 244 1139 Conspexit
260 1073 384 1123 Socratem
399 1074 434 1122 sic
448 1073 556 1123 Alcibias
572 1074 729 1139 equitantem,
799 1112 801 1116 s
834 1092 855 1124 25

158 1145 222 1194 Risit
236 1157 269 1204 et,
286 1163 325 1194 «o
341 1145 467 1211 sapiens»,
482 1145 573 1205 intulit,
589 1141 702 1211 «ecquid
716 1145 768 1210 agis
785 1145 820 1193 ἓ»

110 1216 248 1266 Nullafuit
265 1217 358 1284 Socrati
372 1217 413 1265 cui
428 1232 483 1284 pars
499 1216 603 1272 obscura
618 1214 721 1282 sophiae,

160 1288 234 1355 Saepe
249 1284 364 1354 palustris
380 1305 457 1355 equus
473 1285 555 1354 gratus
570 1283 683 1337 harundo
699 1286 755 1336 fuit.

110 1359 206 1409 Pelidae
221 1360 307 1409 cordas
324 1360 408 1426 digitis
424 1360 530 1427 aptando
546 1375 645 1408 canoras

158 1431 234 1480 Actes
249 1442 307 1499 post
322 1446 426 1497 pugnas,
443 1432 517 1481 sensit
533 1433 657 1481 Homerus
673 1430 747 1480 idem.
836 1452 859 1484 30

225 1571 312 1628 QUAE
328 1572 375 1616 SIT
389 1571 437 1615 VIS
455 1570 704 1628 AELOQUENIIAE

449 1699 475 1730 11

111 1788 220 1854 Regibus
236 1789 332 1848 exactis,
347 1788 417 1855 plebs
433 1800 470 1837 est
485 1788 563 1838 divisa
580 1799 671 1848 senatu,

159 1860 242 1909 Armis
259 1877 320 1928 quae
336 1860 440 1927 sumptis
456 1860 526 1909 Colle
542 1860 614 1909 Sacro
630 1859 728 1919 residet,

110 1931 152 1981 Ad
167 1931 230 1998 ripas
247 1931 317 1980 fluvii
333 1932 376 1997 qui
390 1931 516 1998 proximus
533 1943 569 1980 est
583 1931 694 1992 Anienis,

159 2003 274 2053 Facundo
290 2003 393 2052 Valerus
410 2019 485 2068 quam
500 2003 585 2053 domat
600 2003 711 2068 eloquio,

111 2076 144 2124 Et
158 2075 232 2123 nimis
248 2074 338 2123 elatam,
350 2086 449 2124 revocat
465 2073 577 2124 sermone
592 2074 693 2134 diserto,

158 2148 214 2196 Iure
230 2158 303 2213 caput
318 2146 434 2195 membris
450 2145 613 2195 consotiando
630 2147 697 2195 suis:

112 2216 188 2281 Quod
203 2217 251 2266 nisi
266 2217 371 2277 fecisset,
387 2218 466 2267 virtus
481 2219 592 2267 Romana
607 2218 703 2277 ruisset,

160 2290 193 2337 Et
207 2288 275 2337 fieret
287 2289 407 2338 mutilum
421 2289 524 2356 turpiter
538 2289 677 2358 imperium.

112 2361 217 2410 Torrens
235 2360 359 2410 Cinnanos
375 2359 489 2409 facundia
505 2378 551 2410 seu·
563 2359 687 2409 Marianos

160 2433 236 2481 Enses
252 2431 321 2481 civili
336 2432 453 2498 sanguine
469 2432 598 2481 continuit.

112 2503 213 2553 Perdere
229 2514 253 2552 te
269 2504 366 2563 missos,
381 2504 478 2552 Antoni
494 2503 584 2563 Marce,
601 2503 726 2552 ministros

160 2573 245 2624 Mollis
262 2569 356 2624 mellito
371 2575 482 2642 profluus
498 2575 625 2642 alloquio;

76 2692 211 2736 10‚15Sevola
236 2692 393 2736 17(diveitic).(lo)
406 2704 438 2727 ras.
468 2692 557 2727 hanelam:
572 2692 692 2736 hsuprascr.;
710 2692 824 2727 :anhelam

53 2751 72 2784 25
89 2739 257 2785 (al)ei(bias)inras.
293 2740 314 2774 26
323 2740 484 2784 (intulit)..(ecquid)
492 2751 524 2775 ras.
563 2751 590 2782 11,
605 2741 730 2775 nantoniin
746 2747 825 2786 suprascr.
