2068 3216
141 145 189 188 114

325 218 359 250 Du
374 217 580 250 uulrouaururuus
597 203 627 250 V.
648 220 657 250 1

138 343 290 411 Praecipiunt
304 343 371 393 idem
385 344 520 394 Numidam
533 356 591 411 post
605 343 653 393 fata
669 343 772 394 Silacem

187 414 272 464 Efferri
288 431 372 481 regem
386 415 471 465 funere
487 415 626 481 magnifico,

137 486 251 534 Detinuit
266 487 376 535 clausum
391 487 501 536 custodia
517 487 615 537 Tiburis
631 488 708 548 illum,

185 558 265 606 Annis
281 575 333 607 non
347 559 430 626 paucis
448 559 539 608 Tibure
554 560 651 609 vinctus
668 560 728 609 obit.

138 629 263 678 Defuncto
280 631 351 679 Persa
367 631 410 696 qui
426 647 468 680 rex
483 630 585 680 decessit
600 631 626 679 in
641 631 705 680 Alba

185 702 212 750 In
227 718 269 768 qua
284 701 374 751 clausus
391 714 448 762 erat,
465 702 542 751 hostis
559 714 583 752 et
599 702 639 751 hic
654 702 740 764 fuerat,

139 773 237 821 Praetor
253 773 366 839 dirigitur
382 774 425 841 qui
440 774 513 823 funus
530 775 594 841 regis
610 774 723 835 honoret,

188 845 309 911 Huncque
326 846 462 912 sepulturae
478 846 576 895 mandet
592 846 734 896 honorifice.

139 917 218 964 Fortis
235 916 402 976 Musachanes,
419 917 561 966 Masinissae
577 919 643 983 regia
656 919 748 985 proles,

187 988 295 1036 Finitum
311 988 404 1037 bellum
418 989 467 1038 iam
482 990 560 1038 fuerat
576 989 707 1050 Macetum,

139 1060 209 1107 Dum
224 1060 286 1108 redit
302 1077 316 1108 a
332 1061 408 1109 Paulo
423 1078 481 1109 cum
495 1061 617 1128 praesidio
633 1062 805 1122 Numidarum,

187 1132 217 1179 In
232 1132 321 1198 pelago
337 1132 417 1181 classis
435 1133 531 1182 flamine
547 1133 619 1182 flante
634 1134 713 1199 perit3

140 1203 298 1252 Brundisium
312 1204 407 1253 iuvenis
423 1205 491 1253 venit
506 1205 649 1253 iactantibus
666 1205 746 1265 undis,

189 1275 261 1323 Curia
276 1288 414 1343 praetorem
429 1276 513 1342 dirigit
528 1276 559 1325 ad
574 1277 696 1336 iuvenem,

140 1346 226 1395 Prebet
242 1346 282 1395 hic
298 1347 440 1414 hospitium,
456 1348 514 1396 facit
530 1363 644 1415 expensas
661 1349 812 1407 comitatum,

189 1418 321 1468 Munificus
336 1420 410 1486 pleno
427 1431 516 1468 recreat
532 1419 661 1485 obsequio,

141 1489 189 1537 Hic
205 1490 280 1539 reficit
296 1507 369 1540 naves
386 1492 515 1558 sociosque
530 1503 666 1540 remunerat
681 1507 775 1551 onmes,

188 1562 292 1627 Argenti
305 1562 392 1611 libram
405 1563 551 1612 distribuens
566 1564 651 1628 equiti,

142 1634 320 1701 Quinquagena
336 1635 409 1683 simul
425 1635 535 1683 sestercia
552 1635 633 1684 dando
649 1634 750 1694 viritim,
852 1646 863 1679 f.
876 1656 898 1689 49

189 1707 248 1754 Post
263 1706 390 1755 modicum
404 1707 519 1755 iuvenem
534 1706 619 1772 dirigit
634 1706 782 1755 incolomen.

141 1777 260 1826 Bithiniae
276 1780 382 1827 Romam
397 1779 491 1827 Prusias
507 1794 549 1826 rex
564 1779 583 1826 it
598 1778 708 1837 amicam,

190 1849 286 1898 Obvius
304 1862 339 1898 est
356 1850 451 1917 Capuae
468 1850 549 1917 Scipio
565 1861 662 1917 praetor
678 1850 708 1908 ei,

141 1922 247 1969 Romam
262 1922 369 1970 deducto
383 1921 452 1988 plebs
468 1921 543 1970 obvia
559 1922 634 1969 currit
649 1921 756 1980 ovando,

190 1992 253 2040 Tota
269 2004 400 2041 coronatur
415 1992 473 2041 urbs
489 1993 515 2040 in
531 2009 613 2041 amore
629 1993 676 2041 viri

140 2065 271 2113 instruitur
286 2065 378 2113 multus
393 2064 540 2130 famulisque
556 2064 650 2129 sibique
666 2075 770 2131 paratus,

188 2135 296 2184 Affectus
312 2137 404 2203 priscae
420 2137 505 2185 crescit
520 2136 650 2184 amiciciae.

140 2207 249 2274 Aegipto
264 2208 358 2275 pulsus,
375 2208 456 2256 minor
471 2208 536 2256 hunc
551 2208 629 2275 pellit,
646 2207 796 2255 Tholomeus

189 2281 294 2328 Romam
310 2280 437 2328 contendit
452 2279 562 2344 hancque
578 2290 676 2346 repente
692 2278 765 2337 subit,

142 2351 270 2418 Squalidus
287 2364 310 2400 et
325 2352 408 2418 paucis
424 2351 492 2399 venit
508 2351 637 2409 comitatus
653 2351 745 2410 amicis,

189 2423 271 2472 Pictor
285 2422 423 2472 Alexander
438 2422 546 2487 hospitio
563 2422 665 2489 recipit;

141 2494 283 2561 Niligenam
298 2494 408 2562 stupidus
424 2494 493 2543 videt
508 2505 536 2542 ut
551 2494 646 2542 venisse
663 2505 766 2552 senatus,

105 2637 309 2682 9hidemrhsuprasrr,
359 2649 378 2671 12
390 2637 580 2681 vinctuszcsrprarcr.
630 2646 650 2678 14
662 2635 805 2679 (Il...(a).,(ausus)
822 2635 852 2679 leg*

69 2692 163 2776 qqqupptqqq
203 2698 222 2728 17
233 2685 465 2729 musachaneszhsupruscr.
505 2695 524 2729 19
535 2685 592 2728 (d)um
601 2686 630 2719 aix
638 2683 669 2727 legi
674 2689 732 2728 potest.
773 2683 850 2727 30(0b).
