2068 3216
399 232 433 265 DE
448 231 655 265 mnuonrummus
672 218 714 266 Vl.
732 235 746 283 9

381 357 425 400 DE
440 356 629 403 numerous
643 358 763 402 Morum
839 332 840 335 '

560 473 574 521 9
605 508 606 512 ,

217 562 242 611 A
258 572 326 628 patre
342 562 459 611 Manilius
475 578 516 611 rus
532 574 568 611 est
584 563 691 613 habitare
706 575 812 624 coacruS,

267 632 377 682 Obtunsi
393 634 473 683 cordis
490 634 558 702 quod
573 634 648 684 fuerit
663 636 766 696 iuvenis,

218 706 285 754 Nam
300 721 345 753 nec
361 706 488 754 communi
503 723 548 755 nec
563 706 665 755 idoneus
681 707 782 756 utilitati
823 719 826 723 ⁴

267 776 350 825 Primo
366 777 475 844 privatae
490 788 601 845 tempore
616 779 684 827 visus
700 791 766 829 erat:

217 849 304 897 Postea
321 849 364 914 qui
379 848 454 898 duros
471 849 588 899 contrivit
604 849 682 899 Marte
698 851 805 910 Latinos,

267 920 365 986 Eripuit
379 932 474 987 patrem
488 921 578 970 iuditio
594 921 725 988 trepidum.

219 991 302 1058 Scipio
317 1008 377 1041 vero
394 1009 462 1041 suam
477 992 554 1042 fertur
569 993 659 1041 laxasse
674 993 805 1053 iuventam,

266 1062 343 1112 Afros
360 1064 404 1131 qui
418 1063 521 1131 primus,
537 1066 624 1123 Roma,
640 1064 687 1113 ribi
703 1064 816 1125 domuit3

218 1134 309 1183 Adfuit
325 1147 349 1184 et
364 1136 435 1184 luxus
451 1136 603 1204 Venerisque
618 1135 769 1204 frequentior
784 1154 850 1196 usus,

268 1208 352 1273 Digna
368 1218 449 1256 tamen
465 1208 539 1272 gessit
554 1207 659 1274 plurima
674 1208 786 1273 corrigia.

220 1279 250 1327 In
266 1279 325 1328 luxu
340 1279 434 1346 primos
450 1279 552 1328 Valerus
569 1278 713 1346 disperdidit
728 1296 813 1339 annos,

269 1350 394 1399 Pontificis
410 1350 499 1399 Licinii
515 1367 590 1418 quem
604 1361 702 1400 revocat
718 1350 843 1411 studium3

221 1422 307 1470 Factus
323 1421 419 1470 abhoc
435 1422 530 1482 flamen,
547 1422 688 1489 complexus
704 1422 866 1488 relligionem,

271 1494 401 1543 Sacrorum
415 1509 499 1542 curam
514 1494 633 1561 corripuit
649 1493 757 1553 nimiam,

220 1565 334 1614 Iusriciae
351 1565 473 1632 specimen
489 1565 589 1615 demum
603 1565 750 1633 praepolluit
765 1565 859 1631 ingens,

270 1638 335 1687 Cum
349 1636 417 1704 prius
433 1637 572 1704 exemplum
585 1637 694 1686 luxuriae
708 1636 789 1686 fuerit.

221 1707 304 1757 Nemo
320 1708 399 1774 magis
414 1709 492 1775 turpis
508 1709 610 1757 iuvenili
625 1719 735 1775 tempore
750 1708 821 1767 vixit,

270 1781 371 1846 iamque
386 1780 443 1829 viro
459 1781 536 1829 comis
552 1796 626 1828 nemo
642 1779 720 1846 magis
736 1779 820 1839 Fabio,

220 1851 354 1917 Allobrogi
370 1851 448 1900 Gallis
464 1852 505 1900 cui
520 1868 612 1900 nomen
627 1850 784 1918 desuperatis,
932 1863 945 1899 f⁴
956 1863 990 1898 ssv

270 1923 409 1972 Posteritati
425 1923 493 1989 quod
508 1923 614 1972 contulit
628 1922 669 1971 ille
685 1939 748 1971 suae.

221 1995 315 2043 Multae
330 1994 431 2044 deliciae
447 1995 527 2043 Catuli
542 1994 662 2061 multique
676 1994 744 2042 fuere

270 2068 358 2126 Lusus,
375 2081 433 2114 nam
447 2066 543 2115 iuvenis
558 2065 678 2133 prodigus
694 2065 739 2113 iste
754 2065 810 2124 fuit,

222 2138 336 2204 Princeps
353 2138 396 2205 qui
411 2138 503 2205 patriae
518 2148 600 2186 motus
618 2136 711 2185 sedavit
726 2137 753 2185 in
767 2136 828 2185 urbe

270 2208 362 2258 Mentis
379 2209 485 2258 sincerae
501 2208 635 2258 sobrietate·
648 2225 711 2257 suae.

221 2281 335 2329 Aetatem
350 2281 456 2348 primam
471 2280 572 2329 deduxit
589 2279 646 2329 Silla
662 2279 774 2339 solutam,
837 2330 838 2333 Ἴ

271 2352 392 2401 Themeto
408 2352 511 2401 Veneris
527 2351 624 2400 luxibus
640 2362 713 2418 arque
728 2350 798 2410 iocis,

222 2423 330 2472 Horrida
346 2440 403 2473 cum
418 2423 534 2473 Numidis
551 2422 632 2471 Mario
649 2423 692 2490 qui
708 2421 771 2471 bella
787 2421 880 2487 gerenti

272 2497 381 2558 Questor
396 2495 518 2543 luxuriam
532 2493 560 2543 fit
576 2494 657 2560 gravis
673 2492 707 2542 ob
723 2493 842 2552 nimiam;

222 2567 353 2635 Nequitiae
369 2568 447 2633 ruptis
464 2566 546 2633 elapso
562 2577 673 2631 tempore
689 2564 807 2623 claustris,

271 2640 358 2687 Evasit
373 2639 472 2686 tandem
487 2638 548 2686 liber
563 2637 593 2685 ab
610 2637 647 2685 his
664 2637 748 2695 viriis;

182 2756 192 2788 9
205 2743 265 2780 abfuit.
