<?xml version="1.0" encoding="UTF-8"?>
<!DOCTYPE html PUBLIC "-//W3C//DTD XHTML 1.0 Transitional//EN"
    "http://www.w3.org/TR/xhtml1/DTD/xhtml1-transitional.dtd">
<html xmlns="http://www.w3.org/1999/xhtml" xml:lang="en" lang="en">
 <head>
  <title>
</title>
<meta http-equiv="Content-Type" content="text/html;charset=utf-8" />
  <meta name='ocr-system' content='tesseract 3.04.00' />
  <meta name='ocr-capabilities' content='ocr_page ocr_carea ocr_par ocr_line ocrx_word'/>
</head>
<body>
  <div class='ocr_page' id='page_1' title='image "MN40034ucmf_3_0502.png"; bbox 0 0 2068 3216; ppageno 0'>
   <div class='ocr_carea' id='block_1_1' title="bbox 384 226 711 262">
    <p class='ocr_par' dir='ltr' id='par_1_1' title="bbox 384 226 711 262">
     <span class='ocr_line' id='line_1_1' title="bbox 384 226 711 262; baseline -0.003 -2"><span class='ocrx_word' id='word_1_1' title='bbox 384 227 519 261; x_wconf 80' lang='lat' dir='ltr'><strong>MIRACULA</strong></span> <span class='ocrx_word' id='word_1_2' title='bbox 535 226 554 261; x_wconf 86' lang='lat' dir='ltr'>S.</span> <span class='ocrx_word' id='word_1_3' title='bbox 571 226 711 262; x_wconf 89' lang='lat' dir='ltr'><strong>BENEDICTI</strong></span> 
     </span>
    </p>
   </div>
   <div class='ocr_carea' id='block_1_2' title="bbox 190 354 944 2640">
    <p class='ocr_par' dir='ltr' id='par_1_2' title="bbox 238 354 782 422">
     <span class='ocr_line' id='line_1_2' title="bbox 238 354 782 422; baseline -0.006 -17"><span class='ocrx_word' id='word_1_4' title='bbox 238 358 329 422; x_wconf 90' lang='lat' dir='ltr'>Ingens</span> <span class='ocrx_word' id='word_1_5' title='bbox 344 367 373 404; x_wconf 91' lang='lat' dir='ltr'>ut</span> <span class='ocrx_word' id='word_1_6' title='bbox 389 372 493 421; x_wconf 88' lang='lat' dir='ltr'>quercus</span> <span class='ocrx_word' id='word_1_7' title='bbox 508 354 577 403; x_wconf 83' lang='lat' dir='ltr'>visus</span> <span class='ocrx_word' id='word_1_8' title='bbox 594 365 618 402; x_wconf 92' lang='lat' dir='ltr'>et</span> <span class='ocrx_word' id='word_1_9' title='bbox 633 354 782 419; x_wconf 86' lang='lat' dir='ltr'>ignicomus,</span> 
     </span>
    </p>

    <p class='ocr_par' dir='ltr' id='par_1_3' title="bbox 191 422 842 564">
     <span class='ocr_line' id='line_1_3' title="bbox 191 422 842 494; baseline -0.006 -17"><span class='ocrx_word' id='word_1_10' title='bbox 191 428 238 478; x_wconf 85' lang='lat' dir='ltr'>Sed</span> <span class='ocrx_word' id='word_1_11' title='bbox 253 428 325 478; x_wconf 90' lang='lat' dir='ltr'>vultu</span> <span class='ocrx_word' id='word_1_12' title='bbox 341 427 451 494; x_wconf 92' lang='lat' dir='ltr'>placidus</span> <span class='ocrx_word' id='word_1_13' title='bbox 467 427 513 475; x_wconf 91' lang='lat' dir='ltr'>tibi</span> <span class='ocrx_word' id='word_1_14' title='bbox 530 442 555 475; x_wconf 90' lang='lat' dir='ltr'>se</span> <span class='ocrx_word' id='word_1_15' title='bbox 570 425 671 492; x_wconf 80' lang='lat' dir='ltr'>praebet</span> <span class='ocrx_word' id='word_1_16' title='bbox 687 422 842 485; x_wconf 84' lang='lat' dir='ltr'>Benedictus,</span> 
     </span>
     <span class='ocr_line' id='line_1_4' title="bbox 238 497 788 564; baseline -0.005 -15"><span class='ocrx_word' id='word_1_17' title='bbox 238 499 369 550; x_wconf 90' lang='lat' dir='ltr'>Demulcet</span> <span class='ocrx_word' id='word_1_18' title='bbox 382 499 466 548; x_wconf 66' lang='lat' dir='ltr'>&#39;verbis</span> <span class='ocrx_word' id='word_1_19' title='bbox 482 510 506 547; x_wconf 90' lang='lat' dir='ltr'>te</span> <span class='ocrx_word' id='word_1_20' title='bbox 523 514 623 564; x_wconf 88' lang='lat' dir='ltr'>quoque</span> <span class='ocrx_word' id='word_1_21' title='bbox 640 497 788 564; x_wconf 89' lang='lat' dir='ltr'>blandifluis.</span> 
     </span>
    </p>

    <p class='ocr_par' dir='ltr' id='par_1_4' title="bbox 191 568 940 710">
     <span class='ocr_line' id='line_1_5' title="bbox 191 568 940 636; baseline -0.001 -15"><span class='ocrx_word' id='word_1_22' title='bbox 191 572 321 622; x_wconf 85' lang='lat' dir='ltr'>Consumis</span> <span class='ocrx_word' id='word_1_23' title='bbox 337 572 436 630; x_wconf 75' lang='lat' dir='ltr'>me&#39;nsiS,</span> <span class='ocrx_word' id='word_1_24' title='bbox 447 570 527 620; x_wconf 74' lang='lat' dir='ltr'>vmiser</span> <span class='ocrx_word' id='word_1_25' title='bbox 542 569 750 628; x_wconf 90' lang='lat' dir='ltr'>Herchembolde,</span> <span class='ocrx_word' id='word_1_26' title='bbox 765 568 874 636; x_wconf 82' lang='lat' dir='ltr'>profusis</span> <span class='ocrx_word' id='word_1_27' title='bbox 906 590 940 623; x_wconf 76' lang='lat'>435</span> 
     </span>
     <span class='ocr_line' id='line_1_6' title="bbox 238 640 755 710; baseline -0.004 -18"><span class='ocrx_word' id='word_1_28' title='bbox 238 643 386 701; x_wconf 77' lang='lat' dir='ltr'>Pauliacum,</span> <span class='ocrx_word' id='word_1_29' title='bbox 402 642 472 710; x_wconf 92' lang='lat' dir='ltr'>peius</span> <span class='ocrx_word' id='word_1_30' title='bbox 489 640 579 707; x_wconf 88' lang='lat' dir='ltr'>desipis</span> <span class='ocrx_word' id='word_1_31' title='bbox 595 641 755 701; x_wconf 90' lang='lat' dir='ltr'>ammonitus,</span> 
     </span>
    </p>

    <p class='ocr_par' dir='ltr' id='par_1_5' title="bbox 191 713 858 850">
     <span class='ocr_line' id='line_1_7' title="bbox 191 713 858 781; baseline -0.006 -17"><span class='ocrx_word' id='word_1_32' title='bbox 191 715 345 780; x_wconf 90' lang='lat' dir='ltr'>Testarisque</span> <span class='ocrx_word' id='word_1_33' title='bbox 360 714 444 780; x_wconf 88' lang='lat' dir='ltr'>pirum</span> <span class='ocrx_word' id='word_1_34' title='bbox 459 713 508 763; x_wconf 88' lang='lat' dir='ltr'>iam</span> <span class='ocrx_word' id='word_1_35' title='bbox 524 713 630 779; x_wconf 85' lang='lat' dir='ltr'>quadam</span> <span class='ocrx_word' id='word_1_36' title='bbox 644 725 714 781; x_wconf 87' lang='lat' dir='ltr'>parte</span> <span class='ocrx_word' id='word_1_37' title='bbox 730 729 858 762; x_wconf 89' lang='lat' dir='ltr'>comesum</span> 
     </span>
     <span class='ocr_line' id='line_1_8' title="bbox 238 784 781 850; baseline -0.002 -15"><span class='ocrx_word' id='word_1_38' title='bbox 238 786 320 835; x_wconf 91' lang='lat' dir='ltr'>Maius</span> <span class='ocrx_word' id='word_1_39' title='bbox 335 785 466 844; x_wconf 86' lang='lat' dir='ltr'>facturum,</span> <span class='ocrx_word' id='word_1_40' title='bbox 482 784 574 834; x_wconf 81' lang='lat' dir='ltr'>claudit</span> <span class='ocrx_word' id='word_1_41' title='bbox 589 785 615 833; x_wconf 94' lang='lat' dir='ltr'>id</span> <span class='ocrx_word' id='word_1_42' title='bbox 631 801 675 834; x_wconf 91' lang='lat' dir='ltr'>ora</span> <span class='ocrx_word' id='word_1_43' title='bbox 689 786 781 850; x_wconf 89' lang='lat' dir='ltr'>pirum.</span> 
     </span>
    </p>

    <p class='ocr_par' dir='ltr' id='par_1_6' title="bbox 190 855 942 994">
     <span class='ocr_line' id='line_1_9' title="bbox 190 855 825 924; baseline -0.003 -17"><span class='ocrx_word' id='word_1_44' title='bbox 190 858 312 924; x_wconf 84' lang='lat' dir='ltr'>Imposuit</span> <span class='ocrx_word' id='word_1_45' title='bbox 328 857 430 923; x_wconf 89' lang='lat' dir='ltr'>quidam</span> <span class='ocrx_word' id='word_1_46' title='bbox 445 855 555 923; x_wconf 80' lang='lat' dir='ltr'>gladium</span> <span class='ocrx_word' id='word_1_47' title='bbox 570 857 645 922; x_wconf 88' lang='lat' dir='ltr'>patris</span> <span class='ocrx_word' id='word_1_48' title='bbox 663 873 736 923; x_wconf 89' lang='lat' dir='ltr'>super</span> <span class='ocrx_word' id='word_1_49' title='bbox 751 872 825 915; x_wconf 88' lang='lat' dir='ltr'>aram,</span> 
     </span>
     <span class='ocr_line' id='line_1_10' title="bbox 239 927 942 994; baseline 0.004 -17"><span class='ocrx_word' id='word_1_50' title='bbox 239 947 254 977; x_wconf 82' lang='lat'>&lt;‹</span> <span class='ocrx_word' id='word_1_51' title='bbox 264 929 375 979; x_wconf 75' lang='lat' dir='ltr'>Sanctior</span> <span class='ocrx_word' id='word_1_52' title='bbox 383 928 424 977; x_wconf 92' lang='lat' dir='ltr'>hic</span> <span class='ocrx_word' id='word_1_53' title='bbox 432 946 455 988; x_wconf 81' lang='lat'>55,</span> <span class='ocrx_word' id='word_1_54' title='bbox 464 929 552 994; x_wconf 83' lang='lat' dir='ltr'>inquit,</span> <span class='ocrx_word' id='word_1_55' title='bbox 563 946 577 976; x_wconf 87' lang='lat'>«</span> <span class='ocrx_word' id='word_1_56' title='bbox 586 927 661 994; x_wconf 89' lang='lat' dir='ltr'>quam</span> <span class='ocrx_word' id='word_1_57' title='bbox 669 928 780 994; x_wconf 89' lang='lat' dir='ltr'>lapidum</span> <span class='ocrx_word' id='word_1_58' title='bbox 788 927 942 987; x_wconf 87' lang='lat' dir='ltr'>cumuli&gt;›;440</span> 
     </span>
    </p>

    <p class='ocr_par' dir='ltr' id='par_1_7' title="bbox 190 999 905 1124">
     <span class='ocr_line' id='line_1_11' title="bbox 190 999 905 1068; baseline -0.004 -18"><span class='ocrx_word' id='word_1_59' title='bbox 190 1002 298 1067; x_wconf 79' lang='lat' dir='ltr'>Vespere</span> <span class='ocrx_word' id='word_1_60' title='bbox 314 1001 375 1050; x_wconf 92' lang='lat' dir='ltr'>dum</span> <span class='ocrx_word' id='word_1_61' title='bbox 389 1000 501 1068; x_wconf 76' lang='lat' dir='ltr'>prandet,</span> <span class='ocrx_word' id='word_1_62' title='bbox 517 999 605 1049; x_wconf 85' lang='lat' dir='ltr'>cecidit</span> <span class='ocrx_word' id='word_1_63' title='bbox 621 1016 694 1067; x_wconf 88' lang='lat' dir='ltr'>supet</span> <span class='ocrx_word' id='word_1_64' title='bbox 709 1000 811 1067; x_wconf 86' lang='lat' dir='ltr'>inguina</span> <span class='ocrx_word' id='word_1_65' title='bbox 819 999 905 1058; x_wconf 92' lang='lat' dir='ltr'>culter,</span> 
     </span>
     <span class='ocr_line' id='line_1_12' title="bbox 239 1071 718 1124; baseline 0 -3"><span class='ocrx_word' id='word_1_66' title='bbox 239 1072 329 1124; x_wconf 90' lang='lat' dir='ltr'>Emisit</span> <span class='ocrx_word' id='word_1_67' title='bbox 345 1072 430 1121; x_wconf 83' lang='lat' dir='ltr'>flatum</span> <span class='ocrx_word' id='word_1_68' title='bbox 446 1072 504 1120; x_wconf 91' lang='lat' dir='ltr'>solis</span> <span class='ocrx_word' id='word_1_69' title='bbox 520 1071 551 1120; x_wconf 90' lang='lat' dir='ltr'>ad</span> <span class='ocrx_word' id='word_1_70' title='bbox 568 1072 718 1121; x_wconf 90' lang='lat' dir='ltr'>occubitum.</span> 
     </span>
    </p>

    <p class='ocr_par' dir='ltr' id='par_1_8' title="bbox 190 1143 896 1282">
     <span class='ocr_line' id='line_1_13' title="bbox 190 1143 896 1211; baseline -0.001 -19"><span class='ocrx_word' id='word_1_71' title='bbox 190 1145 297 1193; x_wconf 89' lang='lat' dir='ltr'>Percutis</span> <span class='ocrx_word' id='word_1_72' title='bbox 314 1144 465 1194; x_wconf 88' lang='lat' dir='ltr'>Herbertum</span> <span class='ocrx_word' id='word_1_73' title='bbox 479 1143 558 1209; x_wconf 85' lang='lat' dir='ltr'>virga,</span> <span class='ocrx_word' id='word_1_74' title='bbox 574 1154 643 1211; x_wconf 88' lang='lat' dir='ltr'>pater</span> <span class='ocrx_word' id='word_1_75' title='bbox 658 1144 729 1202; x_wconf 90' lang='lat' dir='ltr'>alme,</span> <span class='ocrx_word' id='word_1_76' title='bbox 746 1143 896 1210; x_wconf 85' lang='lat' dir='ltr'>superbum:</span> 
     </span>
     <span class='ocr_line' id='line_1_14' title="bbox 239 1214 738 1282; baseline 0 -18"><span class='ocrx_word' id='word_1_77' title='bbox 239 1215 335 1266; x_wconf 88' lang='lat' dir='ltr'>Inmitis</span> <span class='ocrx_word' id='word_1_78' title='bbox 351 1214 444 1282; x_wconf 88' lang='lat' dir='ltr'>praedo</span> <span class='ocrx_word' id='word_1_79' title='bbox 459 1227 534 1264; x_wconf 90' lang='lat' dir='ltr'>nocte</span> <span class='ocrx_word' id='word_1_80' title='bbox 549 1214 648 1264; x_wconf 82' lang='lat' dir='ltr'>sedebat</span> <span class='ocrx_word' id='word_1_81' title='bbox 664 1232 738 1281; x_wconf 90' lang='lat' dir='ltr'>equo,</span> 
     </span>
    </p>

    <p class='ocr_par' dir='ltr' id='par_1_9' title="bbox 191 1285 939 1423">
     <span class='ocr_line' id='line_1_15' title="bbox 191 1285 939 1354; baseline 0.003 -18"><span class='ocrx_word' id='word_1_82' title='bbox 191 1287 335 1337; x_wconf 84' lang='lat' dir='ltr'>Praedamm</span> <span class='ocrx_word' id='word_1_83' title='bbox 348 1303 464 1353; x_wconf 81' lang='lat' dir='ltr'>pergens,</span> <span class='ocrx_word' id='word_1_84' title='bbox 480 1298 522 1335; x_wconf 89' lang='lat' dir='ltr'>tua</span> <span class='ocrx_word' id='word_1_85' title='bbox 537 1286 624 1335; x_wconf 84' lang='lat' dir='ltr'>rodere</span> <span class='ocrx_word' id='word_1_86' title='bbox 639 1285 865 1354; x_wconf 43' lang='lat' dir='ltr'>praedtartendens,</span> <span class='ocrx_word' id='word_1_87' title='bbox 906 1306 939 1338; x_wconf 91' lang='lat'>445</span> 
     </span>
     <span class='ocr_line' id='line_1_16' title="bbox 238 1358 798 1423; baseline 0.002 -17"><span class='ocrx_word' id='word_1_88' title='bbox 238 1358 347 1409; x_wconf 85' lang='lat' dir='ltr'>Verbere</span> <span class='ocrx_word' id='word_1_89' title='bbox 362 1358 508 1408; x_wconf 87' lang='lat' dir='ltr'>convulsam</span> <span class='ocrx_word' id='word_1_90' title='bbox 523 1358 613 1423; x_wconf 79' lang='lat' dir='ltr'>proicit</span> <span class='ocrx_word' id='word_1_91' title='bbox 628 1358 669 1407; x_wconf 91' lang='lat' dir='ltr'>hic</span> <span class='ocrx_word' id='word_1_92' title='bbox 684 1359 798 1409; x_wconf 89' lang='lat' dir='ltr'>animam.</span> 
     </span>
    </p>

    <p class='ocr_par' dir='ltr' id='par_1_10' title="bbox 191 1429 775 1568">
     <span class='ocr_line' id='line_1_17' title="bbox 191 1429 775 1497; baseline 0 -18"><span class='ocrx_word' id='word_1_93' title='bbox 191 1431 238 1489; x_wconf 89' lang='lat' dir='ltr'>Ne,</span> <span class='ocrx_word' id='word_1_94' title='bbox 255 1429 383 1489; x_wconf 89' lang='lat' dir='ltr'>Romalde,</span> <span class='ocrx_word' id='word_1_95' title='bbox 400 1447 454 1479; x_wconf 90' lang='lat' dir='ltr'>sues</span> <span class='ocrx_word' id='word_1_96' title='bbox 471 1429 533 1479; x_wconf 83' lang='lat' dir='ltr'>silva</span> <span class='ocrx_word' id='word_1_97' title='bbox 549 1429 668 1479; x_wconf 90' lang='lat' dir='ltr'>deducere</span> <span class='ocrx_word' id='word_1_98' title='bbox 685 1445 775 1497; x_wconf 85' lang='lat' dir='ltr'>speres,</span> 
     </span>
     <span class='ocr_line' id='line_1_18' title="bbox 238 1500 744 1568; baseline 0 -18"><span class='ocrx_word' id='word_1_99' title='bbox 238 1502 283 1550; x_wconf 90' lang='lat' dir='ltr'>Vis</span> <span class='ocrx_word' id='word_1_100' title='bbox 299 1500 389 1550; x_wconf 84' lang='lat' dir='ltr'>inferre</span> <span class='ocrx_word' id='word_1_101' title='bbox 403 1501 468 1568; x_wconf 89' lang='lat' dir='ltr'>patri</span> <span class='ocrx_word' id='word_1_102' title='bbox 482 1501 537 1552; x_wconf 86' lang='lat' dir='ltr'>vim</span> <span class='ocrx_word' id='word_1_103' title='bbox 550 1501 675 1551; x_wconf 85' lang='lat' dir='ltr'>violenms</span> <span class='ocrx_word' id='word_1_104' title='bbox 691 1502 744 1562; x_wconf 89' lang='lat' dir='ltr'>ubi,</span> 
     </span>
    </p>

    <p class='ocr_par' dir='ltr' id='par_1_11' title="bbox 191 1572 942 1711">
     <span class='ocr_line' id='line_1_19' title="bbox 191 1572 794 1640; baseline 0 -19"><span class='ocrx_word' id='word_1_105' title='bbox 191 1572 298 1640; x_wconf 88' lang='lat' dir='ltr'>Tempus</span> <span class='ocrx_word' id='word_1_106' title='bbox 314 1573 453 1633; x_wconf 80' lang='lat' dir='ltr'>constituis,</span> <span class='ocrx_word' id='word_1_107' title='bbox 469 1589 559 1640; x_wconf 89' lang='lat' dir='ltr'>porcos</span> <span class='ocrx_word' id='word_1_108' title='bbox 575 1573 670 1622; x_wconf 83' lang='lat' dir='ltr'>auferre</span> <span class='ocrx_word' id='word_1_109' title='bbox 686 1574 794 1632; x_wconf 90' lang='lat' dir='ltr'>minaris,</span> 
     </span>
     <span class='ocr_line' id='line_1_20' title="bbox 238 1645 942 1711; baseline 0.003 -18"><span class='ocrx_word' id='word_1_110' title='bbox 238 1646 296 1693; x_wconf 88' lang='lat' dir='ltr'>Vita</span> <span class='ocrx_word' id='word_1_111' title='bbox 311 1645 411 1711; x_wconf 87' lang='lat' dir='ltr'>reliquit</span> <span class='ocrx_word' id='word_1_112' title='bbox 427 1656 451 1694; x_wconf 89' lang='lat' dir='ltr'>te</span> <span class='ocrx_word' id='word_1_113' title='bbox 467 1661 518 1710; x_wconf 91' lang='lat' dir='ltr'>quo</span> <span class='ocrx_word' id='word_1_114' title='bbox 534 1645 647 1694; x_wconf 86' lang='lat' dir='ltr'>veniente</span> <span class='ocrx_word' id='word_1_115' title='bbox 663 1645 723 1695; x_wconf 69' lang='lat' dir='ltr'>die.v</span> <span class='ocrx_word' id='word_1_116' title='bbox 906 1663 942 1696; x_wconf 86' lang='lat'>450</span> 
     </span>
    </p>

    <p class='ocr_par' dir='ltr' id='par_1_12' title="bbox 191 1711 834 1854">
     <span class='ocr_line' id='line_1_21' title="bbox 191 1711 834 1783; baseline 0 -19"><span class='ocrx_word' id='word_1_117' title='bbox 191 1717 273 1767; x_wconf 88' lang='lat' dir='ltr'>Omne</span> <span class='ocrx_word' id='word_1_118' title='bbox 289 1717 432 1766; x_wconf 88' lang='lat' dir='ltr'>monasterii</span> <span class='ocrx_word' id='word_1_119' title='bbox 448 1717 546 1766; x_wconf 90' lang='lat' dir='ltr'>culmen</span> <span class='ocrx_word' id='word_1_120' title='bbox 560 1711 746 1782; x_wconf 88' lang='lat' dir='ltr'>consumpserat</span> <span class='ocrx_word' id='word_1_121' title='bbox 760 1716 834 1783; x_wconf 86' lang='lat' dir='ltr'>ignis,</span> 
     </span>
     <span class='ocr_line' id='line_1_22' title="bbox 240 1787 798 1854; baseline 0.002 -18"><span class='ocrx_word' id='word_1_122' title='bbox 240 1787 330 1836; x_wconf 87' lang='lat' dir='ltr'>Christi</span> <span class='ocrx_word' id='word_1_123' title='bbox 346 1787 439 1837; x_wconf 90' lang='lat' dir='ltr'>iudicio</span> <span class='ocrx_word' id='word_1_124' title='bbox 456 1799 513 1837; x_wconf 90' lang='lat' dir='ltr'>sunt</span> <span class='ocrx_word' id='word_1_125' title='bbox 528 1787 584 1837; x_wconf 88' lang='lat' dir='ltr'>data</span> <span class='ocrx_word' id='word_1_126' title='bbox 599 1799 686 1837; x_wconf 89' lang='lat' dir='ltr'>cuncta</span> <span class='ocrx_word' id='word_1_127' title='bbox 701 1804 798 1854; x_wconf 63' lang='grc' dir='ltr'>1οςο;4</span> 
     </span>
    </p>

    <p class='ocr_par' dir='ltr' id='par_1_13' title="bbox 191 1858 795 1998">
     <span class='ocr_line' id='line_1_23' title="bbox 191 1858 795 1927; baseline 0.003 -20"><span class='ocrx_word' id='word_1_128' title='bbox 191 1858 284 1919; x_wconf 90' lang='lat' dir='ltr'>Mensa,</span> <span class='ocrx_word' id='word_1_129' title='bbox 301 1859 424 1927; x_wconf 89' lang='lat' dir='ltr'>peregrini</span> <span class='ocrx_word' id='word_1_130' title='bbox 439 1859 536 1909; x_wconf 81' lang='lat' dir='ltr'>fuerant</span> <span class='ocrx_word' id='word_1_131' title='bbox 551 1876 599 1927; x_wconf 87' lang='lat' dir='ltr'>qua</span> <span class='ocrx_word' id='word_1_132' title='bbox 616 1876 687 1926; x_wconf 89' lang='lat' dir='ltr'>saepe</span> <span class='ocrx_word' id='word_1_133' title='bbox 702 1859 795 1919; x_wconf 86' lang='lat' dir='ltr'>refecti,</span> 
     </span>
     <span class='ocr_line' id='line_1_24' title="bbox 238 1930 747 1998; baseline 0 -18"><span class='ocrx_word' id='word_1_134' title='bbox 238 1930 397 1980; x_wconf 89' lang='lat' dir='ltr'>Incombusta</span> <span class='ocrx_word' id='word_1_135' title='bbox 413 1931 480 1998; x_wconf 84' lang='lat' dir='ltr'>stetit</span> <span class='ocrx_word' id='word_1_136' title='bbox 494 1931 593 1998; x_wconf 87' lang='lat' dir='ltr'>ignibus</span> <span class='ocrx_word' id='word_1_137' title='bbox 610 1932 636 1980; x_wconf 94' lang='lat' dir='ltr'>in</span> <span class='ocrx_word' id='word_1_138' title='bbox 651 1931 747 1982; x_wconf 89' lang='lat' dir='ltr'>mediis.</span> 
     </span>
    </p>

    <p class='ocr_par' dir='ltr' id='par_1_14' title="bbox 191 2002 940 2140">
     <span class='ocr_line' id='line_1_25' title="bbox 191 2002 940 2068; baseline 0.005 -18"><span class='ocrx_word' id='word_1_139' title='bbox 191 2002 261 2052; x_wconf 91' lang='lat' dir='ltr'>Dum</span> <span class='ocrx_word' id='word_1_140' title='bbox 276 2002 380 2053; x_wconf 89' lang='lat' dir='ltr'>sublime</span> <span class='ocrx_word' id='word_1_141' title='bbox 397 2003 486 2053; x_wconf 90' lang='lat' dir='ltr'>domus</span> <span class='ocrx_word' id='word_1_142' title='bbox 503 2004 584 2068; x_wconf 85' lang='lat' dir='ltr'>operit</span> <span class='ocrx_word' id='word_1_143' title='bbox 598 2002 697 2053; x_wconf 86' lang='lat' dir='ltr'>tectum</span> <span class='ocrx_word' id='word_1_144' title='bbox 706 2003 776 2052; x_wconf 85' lang='lat' dir='ltr'>faber</span> <span class='ocrx_word' id='word_1_145' title='bbox 791 2018 864 2061; x_wconf 76' lang='lat' dir='ltr'>unuS,</span> <span class='ocrx_word' id='word_1_146' title='bbox 907 2022 940 2054; x_wconf 90' lang='lat'>455</span> 
     </span>
     <span class='ocr_line' id='line_1_26' title="bbox 239 2073 813 2140; baseline -0.002 -17"><span class='ocrx_word' id='word_1_147' title='bbox 239 2074 382 2124; x_wconf 85' lang='lat' dir='ltr'>Porrectum</span> <span class='ocrx_word' id='word_1_148' title='bbox 397 2074 499 2124; x_wconf 88' lang='lat' dir='ltr'>calicem</span> <span class='ocrx_word' id='word_1_149' title='bbox 513 2075 632 2140; x_wconf 89' lang='lat' dir='ltr'>prendere</span> <span class='ocrx_word' id='word_1_150' title='bbox 647 2075 702 2123; x_wconf 87' lang='lat' dir='ltr'>vult</span> <span class='ocrx_word' id='word_1_151' title='bbox 718 2073 813 2133; x_wconf 86' lang='lat' dir='ltr'>siciens,</span> 
     </span>
    </p>

    <p class='ocr_par' dir='ltr' id='par_1_15' title="bbox 191 2145 844 2283">
     <span class='ocr_line' id='line_1_27' title="bbox 191 2145 822 2212; baseline 0.002 -19"><span class='ocrx_word' id='word_1_152' title='bbox 191 2146 283 2212; x_wconf 91' lang='lat' dir='ltr'>Lapsus</span> <span class='ocrx_word' id='word_1_153' title='bbox 300 2146 327 2193; x_wconf 90' lang='lat' dir='ltr'>in</span> <span class='ocrx_word' id='word_1_154' title='bbox 342 2146 454 2211; x_wconf 87' lang='lat' dir='ltr'>ingentes</span> <span class='ocrx_word' id='word_1_155' title='bbox 470 2162 484 2194; x_wconf 90' lang='lat' dir='ltr'>a</span> <span class='ocrx_word' id='word_1_156' title='bbox 501 2162 598 2197; x_wconf 91' lang='lat' dir='ltr'>summo</span> <span class='ocrx_word' id='word_1_157' title='bbox 614 2146 722 2195; x_wconf 89' lang='lat' dir='ltr'>culmine</span> <span class='ocrx_word' id='word_1_158' title='bbox 737 2145 822 2205; x_wconf 84' lang='lat' dir='ltr'>fustes,</span> 
     </span>
     <span class='ocr_line' id='line_1_28' title="bbox 240 2217 844 2283; baseline 0 -18"><span class='ocrx_word' id='word_1_159' title='bbox 240 2217 354 2265; x_wconf 85' lang='lat' dir='ltr'>Creditur</span> <span class='ocrx_word' id='word_1_160' title='bbox 370 2217 498 2277; x_wconf 70' lang='lat' dir='ltr'>extinctus</span> <span class='ocrx_word' id='word_1_161' title='bbox 515 2233 575 2267; x_wconf 90' lang='lat' dir='ltr'>mox</span> <span class='ocrx_word' id='word_1_162' title='bbox 590 2217 654 2266; x_wconf 88' lang='lat' dir='ltr'>redit</span> <span class='ocrx_word' id='word_1_163' title='bbox 669 2218 709 2266; x_wconf 93' lang='lat' dir='ltr'>hic</span> <span class='ocrx_word' id='word_1_164' title='bbox 725 2217 761 2268; x_wconf 64' lang='lat' dir='ltr'>ad&gt;</span> <span class='ocrx_word' id='word_1_165' title='bbox 773 2232 844 2283; x_wconf 88' lang='lat' dir='ltr'>opus.</span> 
     </span>
    </p>

    <p class='ocr_par' dir='ltr' id='par_1_16' title="bbox 191 2288 944 2428">
     <span class='ocr_line' id='line_1_29' title="bbox 191 2288 800 2357; baseline 0.003 -21"><span class='ocrx_word' id='word_1_166' title='bbox 191 2288 329 2337; x_wconf 83' lang='lat' dir='ltr'>Attrahitur</span> <span class='ocrx_word' id='word_1_167' title='bbox 344 2288 434 2337; x_wconf 91' lang='lat' dir='ltr'>mulier</span> <span class='ocrx_word' id='word_1_168' title='bbox 450 2305 524 2354; x_wconf 89' lang='lat' dir='ltr'>quam</span> <span class='ocrx_word' id='word_1_169' title='bbox 538 2301 610 2339; x_wconf 80' lang='lat' dir='ltr'>vexat</span> <span class='ocrx_word' id='word_1_170' title='bbox 626 2289 725 2357; x_wconf 91' lang='lat' dir='ltr'>spiritus</span> <span class='ocrx_word' id='word_1_171' title='bbox 741 2301 800 2349; x_wconf 87' lang='lat' dir='ltr'>ater,</span> 
     </span>
     <span class='ocr_line' id='line_1_30' title="bbox 240 2360 944 2428; baseline 0.004 -20"><span class='ocrx_word' id='word_1_172' title='bbox 240 2361 307 2408; x_wconf 88' lang='lat' dir='ltr'>Haec</span> <span class='ocrx_word' id='word_1_173' title='bbox 322 2377 336 2409; x_wconf 90' lang='lat' dir='ltr'>a</span> <span class='ocrx_word' id='word_1_174' title='bbox 352 2361 463 2426; x_wconf 91' lang='lat' dir='ltr'>cognatis</span> <span class='ocrx_word' id='word_1_175' title='bbox 479 2360 538 2409; x_wconf 85' lang='lat' dir='ltr'>fune</span> <span class='ocrx_word' id='word_1_176' title='bbox 554 2360 628 2428; x_wconf 86' lang='lat' dir='ltr'>ligata</span> <span class='ocrx_word' id='word_1_177' title='bbox 643 2362 720 2420; x_wconf 87' lang='lat' dir='ltr'>venit,</span> <span class='ocrx_word' id='word_1_178' title='bbox 907 2369 944 2411; x_wconf 78' lang='lat'>4⁶0</span> 
     </span>
    </p>

    <p class='ocr_par' dir='ltr' id='par_1_17' title="bbox 192 2431 818 2569">
     <span class='ocr_line' id='line_1_31' title="bbox 192 2431 818 2498; baseline 0.002 -19"><span class='ocrx_word' id='word_1_179' title='bbox 192 2431 262 2493; x_wconf 89' lang='lat' dir='ltr'>Quae</span> <span class='ocrx_word' id='word_1_180' title='bbox 277 2442 326 2480; x_wconf 91' lang='lat' dir='ltr'>tres</span> <span class='ocrx_word' id='word_1_181' title='bbox 343 2431 468 2480; x_wconf 90' lang='lat' dir='ltr'>scarabeos</span> <span class='ocrx_word' id='word_1_182' title='bbox 484 2432 583 2481; x_wconf 83' lang='lat' dir='ltr'>vomuit</span> <span class='ocrx_word' id='word_1_183' title='bbox 597 2431 703 2498; x_wconf 84' lang='lat' dir='ltr'>fuligine</span> <span class='ocrx_word' id='word_1_184' title='bbox 718 2433 818 2491; x_wconf 89' lang='lat' dir='ltr'>tinctos,</span> 
     </span>
     <span class='ocr_line' id='line_1_32' title="bbox 240 2503 790 2569; baseline 0.002 -18"><span class='ocrx_word' id='word_1_185' title='bbox 240 2503 341 2554; x_wconf 91' lang='lat' dir='ltr'>Demon</span> <span class='ocrx_word' id='word_1_186' title='bbox 356 2519 410 2554; x_wconf 88' lang='lat' dir='ltr'>eam</span> <span class='ocrx_word' id='word_1_187' title='bbox 427 2503 524 2569; x_wconf 83' lang='lat' dir='ltr'>linquit,</span> <span class='ocrx_word' id='word_1_188' title='bbox 541 2503 572 2552; x_wconf 91' lang='lat' dir='ltr'>ad</span> <span class='ocrx_word' id='word_1_189' title='bbox 589 2521 631 2552; x_wconf 88' lang='lat' dir='ltr'>sua</span> <span class='ocrx_word' id='word_1_190' title='bbox 647 2521 703 2552; x_wconf 92' lang='lat' dir='ltr'>sana</span> <span class='ocrx_word' id='word_1_191' title='bbox 719 2504 790 2553; x_wconf 85' lang='lat' dir='ltr'>redit.</span> 
     </span>
    </p>

    <p class='ocr_par' dir='ltr' id='par_1_18' title="bbox 192 2572 852 2640">
     <span class='ocr_line' id='line_1_33' title="bbox 192 2572 852 2640; baseline 0 -18"><span class='ocrx_word' id='word_1_192' title='bbox 192 2574 278 2622; x_wconf 89' lang='lat' dir='ltr'>Matris</span> <span class='ocrx_word' id='word_1_193' title='bbox 294 2573 363 2623; x_wconf 90' lang='lat' dir='ltr'>adest</span> <span class='ocrx_word' id='word_1_194' title='bbox 378 2574 440 2623; x_wconf 89' lang='lat' dir='ltr'>alius</span> <span class='ocrx_word' id='word_1_195' title='bbox 456 2591 531 2640; x_wconf 87' lang='lat' dir='ltr'>quem</span> <span class='ocrx_word' id='word_1_196' title='bbox 546 2572 647 2624; x_wconf 87' lang='lat' dir='ltr'>clodum</span> <span class='ocrx_word' id='word_1_197' title='bbox 662 2575 758 2624; x_wconf 84' lang='lat' dir='ltr'>fuderat</span> <span class='ocrx_word' id='word_1_198' title='bbox 774 2575 852 2632; x_wconf 80' lang='lat' dir='ltr'>alvus,</span> 
     </span>
    </p>
   </div>
   <div class='ocr_carea' id='block_1_3' title="bbox 120 2692 907 2784">
    <p class='ocr_par' dir='ltr' id='par_1_19' title="bbox 120 2692 907 2784">
     <span class='ocr_line' id='line_1_34' title="bbox 155 2692 907 2738; baseline 0.001 -13"><span class='ocrx_word' id='word_1_199' title='bbox 155 2702 188 2734; x_wconf 81' lang='lat'>432</span> <span class='ocrx_word' id='word_1_200' title='bbox 199 2692 260 2736; x_wconf 85' lang='lat' dir='ltr'>ingens</span> <span class='ocrx_word' id='word_1_201' title='bbox 272 2700 292 2726; x_wconf 91' lang='lat' dir='ltr'>ut</span> <span class='ocrx_word' id='word_1_202' title='bbox 304 2703 377 2736; x_wconf 82' lang='lat' dir='ltr'>quercus</span> <span class='ocrx_word' id='word_1_203' title='bbox 389 2692 437 2727; x_wconf 89' lang='lat' dir='ltr'>visus</span> <span class='ocrx_word' id='word_1_204' title='bbox 448 2694 478 2726; x_wconf 72' lang='lat' dir='ltr'>rix</span> <span class='ocrx_word' id='word_1_205' title='bbox 488 2692 519 2735; x_wconf 84' lang='lat' dir='ltr'>legi</span> <span class='ocrx_word' id='word_1_206' title='bbox 525 2698 584 2736; x_wconf 77' lang='lat' dir='ltr'>potest.</span> <span class='ocrx_word' id='word_1_207' title='bbox 605 2735 606 2738; x_wconf 11' lang='grc' dir='ltr'><strong>Ἴ</strong></span> <span class='ocrx_word' id='word_1_208' title='bbox 644 2704 677 2736; x_wconf 80' lang='lat'>450</span> <span class='ocrx_word' id='word_1_209' title='bbox 688 2693 725 2727; x_wconf 87' lang='lat' dir='ltr'>vita</span> <span class='ocrx_word' id='word_1_210' title='bbox 736 2692 806 2737; x_wconf 85' lang='lat' dir='ltr'>reliquit</span> <span class='ocrx_word' id='word_1_211' title='bbox 817 2700 836 2726; x_wconf 85' lang='lat' dir='ltr'>te</span> <span class='ocrx_word' id='word_1_212' title='bbox 846 2694 863 2726; x_wconf 82' lang='lat' dir='ltr'>irs</span> <span class='ocrx_word' id='word_1_213' title='bbox 874 2704 907 2726; x_wconf 83' lang='lat' dir='ltr'>ras.</span> 
     </span>
     <span class='ocr_line' id='line_1_35' title="bbox 120 2738 665 2784; baseline 0.004 -12"><span class='ocrx_word' id='word_1_214' title='bbox 120 2741 152 2782; x_wconf 74' lang='lat'>458</span> <span class='ocrx_word' id='word_1_215' title='bbox 164 2738 209 2773; x_wconf 88' lang='lat' dir='ltr'>redit</span> <span class='ocrx_word' id='word_1_216' title='bbox 217 2746 296 2784; x_wconf 74' lang='lat' dir='ltr'>suprascr.</span> <span class='ocrx_word' id='word_1_217' title='bbox 306 2739 327 2774; x_wconf 88' lang='lat' dir='ltr'>al.</span> <span class='ocrx_word' id='word_1_218' title='bbox 342 2751 383 2774; x_wconf 83' lang='lat' dir='ltr'>marr.</span> <span class='ocrx_word' id='word_1_219' title='bbox 432 2740 464 2784; x_wconf 73' lang='lat'>463</span> <span class='ocrx_word' id='word_1_220' title='bbox 474 2739 555 2775; x_wconf 83' lang='lat' dir='ltr'>fuderat:</span> <span class='ocrx_word' id='word_1_221' title='bbox 564 2740 577 2774; x_wconf 95' lang='lat' dir='ltr'>d</span> <span class='ocrx_word' id='word_1_222' title='bbox 586 2747 665 2784; x_wconf 81' lang='lat' dir='ltr'>suprascr.</span> 
     </span>
    </p>
   </div>
   <div class='ocr_carea' id='block_1_4' title="bbox 0 0 1039 3216">
    <p class='ocr_par' dir='ltr' id='par_1_20' title="bbox 0 0 1039 3216">
     <span class='ocr_line' id='line_1_36' title="bbox 0 0 1039 3216; baseline 0 0"><span class='ocrx_word' id='word_1_223' title='bbox 0 0 1039 3216; x_wconf 95' lang='lat' dir='ltr'> </span> 
     </span>
    </p>
   </div>
  </div>
 </body>
</html>
