2068 3216
220 142 268 185 208

381 225 415 258 on
431 224 637 258 atunoaaammus
653 211 720 259 VIII.
740 226 765 258 11

219 352 343 401 Incumbit
358 353 515 418 iamiamque
531 364 586 402 tuae
602 352 662 402 dum
676 353 797 420 plurImus
813 354 876 403 ensis

268 424 371 485 Cervici,
388 423 475 474 blanda
490 441 553 473 voce
568 424 663 490 repellis
680 441 743 474 eum.

219 496 291 544 Cotta
306 495 445 563 patrocinio
460 495 530 545 fovet
545 497 647 563 inpenso
663 495 826 556 Dolabellam,

266 567 373 617 Accusat
389 567 475 616 Caesar
490 579 563 633 atque
578 583 648 617 reum
662 569 764 635 peragit,
927 581 940 617 f.
953 584 973 615 aa

219 640 272 687 Etsi
288 640 360 706 culpa
375 639 457 688 minor
471 638 546 688 fuerit
561 655 606 688 nec
621 639 696 705 digna
711 652 786 699 reatu,

267 712 347 777 Lepos
363 711 450 777 irrigui
464 723 606 776 praegravat
622 712 671 760 oris
688 727 748 761 eam.

219 783 270 831 Ore
285 782 402 832 Pisistrati
417 794 500 849 captae
514 782 650 849 perduntur
664 782 782 842 Athenae,

267 854 376 921 Eloquio
393 870 496 923 quarum
511 853 606 903 subruit
621 855 759 922 imperinm,

218 926 275 974 Hoc
290 926 373 992 potuit
387 926 485 992 linguae
500 925 613 974 facundia
629 942 723 975 summa
738 925 836 994 politae,

267 998 301 1046 Ut
317 998 394 1046 malus
410 1009 520 1063 assurgat
536 997 634 1063 duxque
649 997 729 1047 bonus
745 997 852 1057 recidat;

218 1069 332 1136 Namque
348 1069 473 1118 salutifero
489 1082 571 1137 spreto
588 1085 699 1118 sermone
716 1069 821 1129 Solonis,

266 1141 333 1190 Heae
348 1141 484 1190 libertatem
500 1141 600 1190 servitio
617 1140 740 1206 subigunt.

217 1211 285 1260 Felix
299 1224 398 1262 naturae
412 1212 570 1280 provectibus
585 1212 637 1280 ipse
653 1212 763 1272 Pericles,

267 1284 369 1333 Sedulus
385 1284 483 1333 auditor
498 1285 565 1333 mitis
580 1284 746 1349 Anaxagorae,

218 1355 277 1404 Eius
294 1356 412 1405 mandatis
429 1355 550 1405 subtiliter
565 1367 713 1415 extenuatus,

265 1428 347 1477 Vertit
361 1427 393 1477 ad
408 1427 536 1477 arbitrium
550 1426 647 1494 publica
662 1427 714 1476 iura
730 1442 809 1486 suum,

218 1499 277 1562 Qui,
294 1500 315 1547 si
331 1499 430 1564 quando
447 1516 503 1548 suae
518 1499 638 1548 contraria
652 1498 757 1566 protulit
772 1499 834 1558 urbi,

266 1570 389 1619 Omnibus
406 1571 458 1620 eius
474 1588 525 1620 vox
540 1582 599 1619 tunc
614 1587 713 1636 quoque
729 1581 796 1636 grata
810 1570 866 1629 fuit,

218 1643 250 1690 Et
266 1643 327 1691 dum
343 1644 397 1709 quis
413 1642 529 1709 gravibus
545 1642 659 1709 discerpit
675 1658 732 1690 eum
747 1642 888 1702 maledictis,

265 1713 390 1763 Mellitum
404 1714 486 1764 laudat
501 1713 541 1763 hic
556 1726 637 1763 tamen
652 1714 795 1779 eloquium:

216 1785 384 1851 infigebantur
398 1797 524 1851 tamquam
539 1786 640 1851 quidam
654 1784 809 1834 vehementes

263 1857 332 1906 Illius
349 1875 379 1906 ex
393 1857 473 1906 verbis
489 1857 628 1924 pectoribus
645 1857 753 1915 stimuli;

216 1929 295 1978 Audit
310 1929 386 1978 verba
402 1946 474 1978 senex
489 1929 603 1978 iuvenem
617 1929 713 1996 populo
728 1928 854 1977 fatientem

265 2000 365 2066 Quique
380 2001 532 2050 Pisistratum
546 2000 661 2067 parvulus
677 1999 792 2059 audierat,

217 2073 349 2131 Exclamat,
367 2073 464 2132 «cives,
480 2072 546 2121 hunc
561 2073 649 2131 clvem,
666 2088 764 2137 quaeso,
781 2072 879 2121 cavete!

263 2146 312 2194 Ista
328 2144 444 2193 Pisistrati
460 2144 534 2193 verba
547 2144 672 2192 simillima
688 2155 783 2201 sunt›>;

216 2216 280 2265 Vera
296 2232 369 2265 senex
384 2216 474 2275 retulit,
490 2215 608 2264 facundus
624 2227 726 2281 uterque
741 2215 858 2273 tirannus,

263 2286 307 2337 Ille
324 2288 365 2337 sed
381 2299 485 2336 armatus
501 2287 562 2336 vixit
577 2287 675 2335 inermis
691 2298 714 2335 at
730 2285 777 2335 hic.

216 2359 248 2407 Et
264 2359 359 2408 Cirenei
375 2371 451 2408 tantas
467 2359 531 2408 vires
548 2358 667 2424 Hegesiae

264 2432 360 2497 Lingua
375 2431 445 2480 dicax
460 2429 545 2479 habuit
559 2430 619 2479 lenis
636 2441 660 2479 et
675 2430 773 2494 irrigua,

215 2503 256 2561 Ut,
275 2502 374 2568 quando
389 2504 454 2551 vitae
470 2502 533 2550 mala
547 2502 678 2568 praesentis
695 2500 824 2567 replicabat

263 2575 440 2641 Aerunnasque
456 2590 541 2639 graves
557 2572 728 2639 instabilesque
743 2573 817 2630 vices,

214 2645 277 2694 Mox
291 2646 433 2695 auditorum
448 2644 560 2694 vitandae
576 2645 662 2693 mortis
678 2660 787 2693 amorem

261 2718 383 2766 Incuteret
398 2718 503 2765 nimium
517 2715 657 2782 pectoribus
674 2715 776 2774 stolidiS,
