2068 3216
370 252 405 285 un
420 250 630 285 Mnuoaaarmaus
646 236 670 283 V
697 253 709 283 2

182 379 231 428 Hic
246 378 327 445 legem
342 378 430 427 tulerat
445 378 523 446 plebis
541 378 690 445 quandoque
705 379 827 439 tribunus,

231 450 287 513 Qua
302 461 359 498 tuus
376 450 449 499 exilio
465 450 612 517 progenitor
627 449 716 510 rediit;

181 522 268 572 Pulcre
284 520 414 581 Calidium,
431 522 527 587 generis
543 537 674 588 rerumque
689 533 829 590 patronum,

229 592 376 643 inferiorem
390 604 415 641 te
431 593 542 660 suggeris
558 609 610 643 esse
625 594 716 643 virum.

183 666 274 715 Contra
289 663 325 713 fas
343 663 436 713 Marius
453 665 557 730 geminis
574 664 657 714 obtata
674 666 816 714 Camertum

230 736 304 787 Urbis
321 735 362 785 dat
378 736 461 785 cuneis
477 736 577 786 foedera
591 751 638 804 pro
655 737 766 797 meritis3

181 809 252 858 Dum
267 807 359 874 subigit
375 807 511 868 Cimbrum,
527 807 556 857 fit
571 808 653 858 victor
668 808 763 858 viribus
779 807 878 868 horum,

229 879 338 929 Praemia
353 895 400 947 pro
416 879 486 929 factis
502 879 561 929 haec
576 880 671 947 peciere
688 881 746 940 suis,

182 952 288 1000 Excusat
304 951 365 1001 dum
380 968 413 1010 se,
430 952 467 1000 ius
485 969 510 1000 se
526 952 599 1000 civile
614 963 697 1000 tenere

230 1023 352 1073 Hostibus
368 1022 497 1072 obsessum
512 1039 565 1072 non
580 1023 691 1090 potuisse
707 1023 788 1072 refert.

181 1094 296 1160 Assurgis
314 1094 371 1143 sella
387 1095 506 1162 Ponpeio‚
523 1096 627 1144 maxime
644 1095 710 1155 Silla,

230 1165 270 1215 Tu
286 1166 391 1215 dictator
406 1182 466 1226 eras,
482 1166 523 1215 ille
539 1166 642 1215 tenellus
658 1166 746 1226 adhuc,

184 1238 266 1301 Quem
282 1238 385 1303 deponis
402 1255 476 1306 equo,
492 1238 607 1287 resalutas
623 1239 715 1287 vertice
731 1238 808 1297 nud0,

229 1310 331 1359 Fauerat
345 1309 387 1358 ille
402 1310 451 1358 tuis
467 1309 577 1378 partibus
593 1321 621 1358 ut
637 1310 740 1359 iuvenis.

180 1381 269 1430 Ateius
285 1381 399 1430 obtatum
415 1381 490 1430 Samii
507 1381 636 1430 Silosontis
652 1382 768 1430 amiclum

229 1453 323 1502 Inuritu
340 1452 432 1518 cupido
448 1453 550 1521 suscipit
564 1470 579 1502 a
595 1452 694 1518 cupido,

181 1525 267 1573 Postea
284 1523 345 1573 dum
360 1539 465 1590 regnum
480 1525 571 1574 Darius
588 1525 694 1592 suscepit
711 1525 801 1584 Eoum,

230 1595 304 1644 Haud
320 1596 433 1664 quamvis
449 1597 530 1645 tenuis
546 1596 669 1645 inmemor
685 1606 722 1645 est
738 1596 857 1655 clamidis,

180 1667 263 1716 Insula
278 1678 332 1716 tota
349 1668 433 1716 Samus
450 1667 577 1717 confertur
592 1667 626 1716 ob
643 1667 692 1716 hoc
709 1667 846 1717 Silosonti:

230 1738 329 1788 Conicis
346 1738 404 1788 hinc
419 1751 502 1805 gratus
520 1755 595 1808 quam
609 1739 684 1787 fuerit
700 1739 810 1788 Darius.v

181 1810 286 1870 Attalus,
297 1808 355 1859 huic
363 1811 442 1878 ipsam
451 1822 531 1876 patres
542 1810 666 1870 dederant,
677 1810 718 1859 dat
727 1809 865 1859 habendam

230 1882 276 1931 His
292 1893 439 1931 testamento
455 1883 504 1931 iarn
519 1882 627 1931 moriens
643 1882 736 1931 Asiam.

181 1953 317 2003 Leonicum
333 1954 431 2019 capiunt
447 1953 540 2003 Rhodii
555 1953 688 2002 Mitridatis
705 1954 820 2012 amicum,

230 2025 282 2088 Qui
298 2025 373 2075 soluit
388 2025 480 2074 multos
496 2041 543 2092 pro
559 2025 653 2074 famulo
670 2025 791 2074 Rhodios.
834 2053 836 2056 ·

180 2095 260 2146 Annis
277 2097 384 2145 centenis
400 2097 450 2146 iam
465 2112 507 2146 rex
522 2097 651 2146 Masinissa
666 2098 770 2163 peractis

230 2167 368 2234 Corripitur
384 2168 482 2227 morb0,
499 2168 635 2236 decrepitus
653 2168 738 2227 senio;

181 2239 230 2289 Hic
246 2239 433 2307 quinquagenos
449 2240 535 2288 habuit
551 2239 582 2288 de
597 2239 675 2307 pelice
691 2252 770 2299 natos,

228 2310 331 2360 Dimisit
346 2311 427 2379 plures
444 2311 482 2360 his
498 2312 577 2360 varias
594 2323 618 2360 et
633 2326 711 2377 opes;
780 2340 782 2344 f

182 2381 282 2448 Scripsit
298 2383 412 2442 Manilio,
429 2384 473 2450 qui
488 2394 548 2431 tunc
561 2398 609 2450 pro
624 2383 726 2431 consule
741 2383 837 2431 Poenos

230 2453 339 2520 Urgebat
355 2455 429 2503 Lacio
447 2454 550 2503 subdere
566 2454 630 2503 colla
645 2454 714 2520 iugo,

182 2525 232 2575 Sub
248 2541 299 2591 quo
316 2526 417 2574 militiae
434 2525 543 2591 gestabat
558 2524 668 2591 pondera
683 2526 777 2593 primae

230 2597 313 2663 Scipio
328 2598 454 2664 primevus
471 2597 623 2646 Aemilianus
640 2596 726 2656 adhuc,

142 2762 164 2797 aa
176 2763 276 2807 (capara)
288 2774 320 2797 aa.
