<?xml version="1.0" encoding="UTF-8"?>
<!DOCTYPE html PUBLIC "-//W3C//DTD XHTML 1.0 Transitional//EN"
    "http://www.w3.org/TR/xhtml1/DTD/xhtml1-transitional.dtd">
<html xmlns="http://www.w3.org/1999/xhtml" xml:lang="en" lang="en">
 <head>
  <title>
</title>
<meta http-equiv="Content-Type" content="text/html;charset=utf-8" />
  <meta name='ocr-system' content='tesseract 3.04.00' />
  <meta name='ocr-capabilities' content='ocr_page ocr_carea ocr_par ocr_line ocrx_word'/>
</head>
<body>
  <div class='ocr_page' id='page_1' title='image "MN40034ucmf_3_0317.png"; bbox 0 0 2068 3216; ppageno 0'>
   <div class='ocr_carea' id='block_1_1' title="bbox 197 188 801 307">
    <p class='ocr_par' dir='ltr' id='par_1_1' title="bbox 197 188 801 307">
     <span class='ocr_line' id='line_1_1' title="bbox 197 188 246 232; baseline 0.041 -14"><span class='ocrx_word' id='word_1_1' title='bbox 197 188 246 232; x_wconf 79' lang='lat'>240</span> 
     </span>
     <span class='ocr_line' id='line_1_2' title="bbox 301 232 801 307; baseline 0.002 -15"><span class='ocrx_word' id='word_1_2' title='bbox 301 260 335 292; x_wconf 85' lang='lat' dir='ltr'>DE</span> <span class='ocrx_word' id='word_1_3' title='bbox 351 232 626 294; x_wconf 51' lang='lat' dir='ltr'>tartarorumrrruus‹lX¹¹</span> <span class='ocrx_word' id='word_1_4' title='bbox 641 263 668 293; x_wconf 85' lang='lat'>12</span> <span class='ocrx_word' id='word_1_5' title='bbox 685 274 695 281; x_wconf 94' lang='lat'><em>-</em></span> <span class='ocrx_word' id='word_1_6' title='bbox 711 246 756 293; x_wconf 86' lang='lat' dir='ltr'>IX.</span> <span class='ocrx_word' id='word_1_7' title='bbox 776 263 801 307; x_wconf 72' lang='lat'>15</span> 
     </span>
    </p>
   </div>
   <div class='ocr_carea' id='block_1_2' title="bbox 194 388 894 2244">
    <p class='ocr_par' dir='ltr' id='par_1_2' title="bbox 194 388 894 949">
     <span class='ocr_line' id='line_1_3' title="bbox 195 388 716 438; baseline 0.004 -2"><span class='ocrx_word' id='word_1_8' title='bbox 195 389 257 436; x_wconf 86' lang='lat' dir='ltr'>Fero</span> <span class='ocrx_word' id='word_1_9' title='bbox 274 388 412 436; x_wconf 87' lang='lat' dir='ltr'>Philemoni</span> <span class='ocrx_word' id='word_1_10' title='bbox 427 388 487 438; x_wconf 90' lang='lat' dir='ltr'>ficus</span> <span class='ocrx_word' id='word_1_11' title='bbox 504 405 605 438; x_wconf 87' lang='lat' dir='ltr'>coenare</span> <span class='ocrx_word' id='word_1_12' title='bbox 621 389 716 438; x_wconf 81' lang='lat' dir='ltr'>volenti</span> 
     </span>
     <span class='ocr_line' id='line_1_4' title="bbox 244 458 793 520; baseline 0.004 -13"><span class='ocrx_word' id='word_1_13' title='bbox 244 458 362 508; x_wconf 83' lang='lat' dir='ltr'><strong>Exhibuit</strong></span> <span class='ocrx_word' id='word_1_14' title='bbox 377 460 491 519; x_wconf 87' lang='lat' dir='ltr'>famulus,</span> <span class='ocrx_word' id='word_1_15' title='bbox 508 460 609 509; x_wconf 89' lang='lat' dir='ltr'>iusserat</span> <span class='ocrx_word' id='word_1_16' title='bbox 625 472 653 509; x_wconf 94' lang='lat' dir='ltr'>ut</span> <span class='ocrx_word' id='word_1_17' title='bbox 669 461 793 520; x_wconf 90' lang='lat' dir='ltr'>dominus,</span> 
     </span>
     <span class='ocr_line' id='line_1_5' title="bbox 195 530 894 592; baseline 0.003 -13"><span class='ocrx_word' id='word_1_18' title='bbox 195 531 260 579; x_wconf 90' lang='lat' dir='ltr'>Ante</span> <span class='ocrx_word' id='word_1_19' title='bbox 276 530 583 580; x_wconf 83' lang='lat' dir='ltr'>Philemonemlocathas</span> <span class='ocrx_word' id='word_1_20' title='bbox 600 533 665 581; x_wconf 89' lang='lat' dir='ltr'>lecto</span> <span class='ocrx_word' id='word_1_21' title='bbox 681 532 849 592; x_wconf 64' lang='lat' dir='ltr'>residentem‚=</span> <span class='ocrx_word' id='word_1_22' title='bbox 890 553 894 566; x_wconf 55' lang='lat'><em>³</em></span> 
     </span>
     <span class='ocr_line' id='line_1_6' title="bbox 244 602 845 667; baseline 0.003 -17"><span class='ocrx_word' id='word_1_23' title='bbox 244 603 363 667; x_wconf 78' lang='lat' dir='ltr'>Egressus</span> <span class='ocrx_word' id='word_1_24' title='bbox 380 602 476 651; x_wconf 89' lang='lat' dir='ltr'>stabulo</span> <span class='ocrx_word' id='word_1_25' title='bbox 490 603 592 652; x_wconf 90' lang='lat' dir='ltr'>mandat</span> <span class='ocrx_word' id='word_1_26' title='bbox 608 621 646 652; x_wconf 86' lang='lat' dir='ltr'>eas</span> <span class='ocrx_word' id='word_1_27' title='bbox 663 604 744 653; x_wconf 90' lang='lat' dir='ltr'>asinus</span> <span class='ocrx_word' id='word_1_28' title='bbox 755 622 773 663; x_wconf 47' lang='grc' dir='ltr'>;Ἰ</span> <span class='ocrx_word' id='word_1_29' title='bbox 843 640 845 644; x_wconf 84' lang='grc'><strong>-</strong></span> 
     </span>
     <span class='ocr_line' id='line_1_7' title="bbox 194 674 803 742; baseline 0.003 -20"><span class='ocrx_word' id='word_1_30' title='bbox 194 674 311 723; x_wconf 76' lang='lat' dir='ltr'><strong>Inclamat</strong></span> <span class='ocrx_word' id='word_1_31' title='bbox 326 674 447 723; x_wconf 83' lang='lat' dir='ltr'>famulum</span> <span class='ocrx_word' id='word_1_32' title='bbox 462 674 543 723; x_wconf 85' lang='lat' dir='ltr'>ridens</span> <span class='ocrx_word' id='word_1_33' title='bbox 559 686 587 723; x_wconf 90' lang='lat' dir='ltr'>ut</span> <span class='ocrx_word' id='word_1_34' title='bbox 603 676 678 742; x_wconf 87' lang='lat' dir='ltr'>pellat</span> <span class='ocrx_word' id='word_1_35' title='bbox 693 676 803 734; x_wconf 89' lang='lat' dir='ltr'>asellum,</span> 
     </span>
     <span class='ocr_line' id='line_1_8' title="bbox 245 745 830 813; baseline 0.003 -20"><span class='ocrx_word' id='word_1_36' title='bbox 245 746 296 808; x_wconf 91' lang='lat' dir='ltr'>Qui</span> <span class='ocrx_word' id='word_1_37' title='bbox 311 746 361 794; x_wconf 88' lang='lat' dir='ltr'>iam</span> <span class='ocrx_word' id='word_1_38' title='bbox 376 747 528 813; x_wconf 82' lang='lat' dir='ltr'>consumptis</span> <span class='ocrx_word' id='word_1_39' title='bbox 545 745 640 795; x_wconf 85' lang='lat' dir='ltr'>ficubus</span> <span class='ocrx_word' id='word_1_40' title='bbox 657 747 788 796; x_wconf 88' lang='lat' dir='ltr'>accelerat:</span> <span class='ocrx_word' id='word_1_41' title='bbox 829 777 830 780; x_wconf 63' lang='lat'><em>=</em></span> 
     </span>
     <span class='ocr_line' id='line_1_9' title="bbox 197 817 848 884; baseline -0.005 -19"><span class='ocrx_word' id='word_1_42' title='bbox 197 818 290 865; x_wconf 90' lang='lat' dir='ltr'>«Ficus</span> <span class='ocrx_word' id='word_1_43' title='bbox 307 817 412 877; x_wconf 87' lang='lat' dir='ltr'>donasti,</span> <span class='ocrx_word' id='word_1_44' title='bbox 429 818 459 866; x_wconf 90' lang='lat' dir='ltr'>da</span> <span class='ocrx_word' id='word_1_45' title='bbox 475 818 570 877; x_wconf 87' lang='lat' dir='ltr'>vinum,</span> <span class='ocrx_word' id='word_1_46' title='bbox 587 835 687 884; x_wconf 87' lang='lat' dir='ltr'>quaeso,</span> <span class='ocrx_word' id='word_1_47' title='bbox 702 818 834 878; x_wconf 87' lang='lat' dir='ltr'>rudenti»,</span> <span class='ocrx_word' id='word_1_48' title='bbox 847 859 848 862; x_wconf 75' lang='grc'>,</span> 
     </span>
     <span class='ocr_line' id='line_1_10' title="bbox 243 889 768 949; baseline 0.004 -13"><span class='ocrx_word' id='word_1_49' title='bbox 243 889 345 937; x_wconf 78' lang='lat' dir='ltr'><strong>Dixerat</strong></span> <span class='ocrx_word' id='word_1_50' title='bbox 361 901 385 937; x_wconf 93' lang='lat' dir='ltr'>et</span> <span class='ocrx_word' id='word_1_51' title='bbox 400 890 478 938; x_wconf 89' lang='lat' dir='ltr'>risum</span> <span class='ocrx_word' id='word_1_52' title='bbox 493 890 599 938; x_wconf 82' lang='lat' dir='ltr'>solvitur</span> <span class='ocrx_word' id='word_1_53' title='bbox 614 891 644 938; x_wconf 84' lang='lat' dir='ltr'>in-</span> <span class='ocrx_word' id='word_1_54' title='bbox 655 891 768 949; x_wconf 88' lang='lat' dir='ltr'>nimium,</span> 
     </span>
    </p>

    <p class='ocr_par' dir='ltr' id='par_1_3' title="bbox 195 960 883 1170">
     <span class='ocr_line' id='line_1_11' title="bbox 195 960 883 1028; baseline 0.003 -20"><span class='ocrx_word' id='word_1_55' title='bbox 195 960 249 1009; x_wconf 90' lang='lat' dir='ltr'>Nec</span> <span class='ocrx_word' id='word_1_56' title='bbox 264 960 330 1008; x_wconf 83' lang='lat' dir='ltr'>valet</span> <span class='ocrx_word' id='word_1_57' title='bbox 345 977 475 1009; x_wconf 79' lang='lat' dir='ltr'>excussum</span> <span class='ocrx_word' id='word_1_58' title='bbox 488 961 586 1028; x_wconf 87' lang='lat' dir='ltr'>penitus</span> <span class='ocrx_word' id='word_1_59' title='bbox 603 962 706 1010; x_wconf 87' lang='lat' dir='ltr'>retinere</span> <span class='ocrx_word' id='word_1_60' title='bbox 722 961 883 1021; x_wconf 70' lang='lat' dir='ltr'>cachinnum·</span> 
     </span>
     <span class='ocr_line' id='line_1_12' title="bbox 244 1032 846 1082; baseline 0.003 -2"><span class='ocrx_word' id='word_1_61' title='bbox 244 1032 333 1080; x_wconf 87' lang='lat' dir='ltr'>Donec</span> <span class='ocrx_word' id='word_1_62' title='bbox 348 1032 439 1081; x_wconf 90' lang='lat' dir='ltr'>efflaret</span> <span class='ocrx_word' id='word_1_63' title='bbox 455 1032 564 1081; x_wconf 88' lang='lat' dir='ltr'>defitiens</span> <span class='ocrx_word' id='word_1_64' title='bbox 580 1034 693 1082; x_wconf 87' lang='lat' dir='ltr'>animam.</span> <span class='ocrx_word' id='word_1_65' title='bbox 844 1045 846 1048; x_wconf 87' lang='grc'><strong>’</strong></span> 
     </span>
     <span class='ocr_line' id='line_1_13' title="bbox 195 1103 881 1170; baseline 0.003 -19"><span class='ocrx_word' id='word_1_66' title='bbox 195 1104 265 1151; x_wconf 90' lang='lat' dir='ltr'>Dum</span> <span class='ocrx_word' id='word_1_67' title='bbox 281 1103 353 1152; x_wconf 90' lang='lat' dir='ltr'>cubat</span> <span class='ocrx_word' id='word_1_68' title='bbox 368 1105 395 1152; x_wconf 90' lang='lat' dir='ltr'>in</span> <span class='ocrx_word' id='word_1_69' title='bbox 409 1104 480 1170; x_wconf 90' lang='lat' dir='ltr'>pueri</span> <span class='ocrx_word' id='word_1_70' title='bbox 496 1103 591 1169; x_wconf 86' lang='lat' dir='ltr'>gremio</span> <span class='ocrx_word' id='word_1_71' title='bbox 607 1105 690 1153; x_wconf 85' lang='lat' dir='ltr'>liticus</span> <span class='ocrx_word' id='word_1_72' title='bbox 707 1103 753 1153; x_wconf 89' lang='lat' dir='ltr'>sibi</span> <span class='ocrx_word' id='word_1_73' title='bbox 769 1105 818 1153; x_wconf 92' lang='lat' dir='ltr'>cari</span> <span class='ocrx_word' id='word_1_74' title='bbox 879 1123 881 1127; x_wconf 67' lang='grc'>’</span> 
     </span>
    </p>

    <p class='ocr_par' dir='ltr' id='par_1_4' title="bbox 195 1175 876 2244">
     <span class='ocr_line' id='line_1_14' title="bbox 244 1175 771 1243; baseline 0 -20"><span class='ocrx_word' id='word_1_75' title='bbox 244 1175 370 1235; x_wconf 76' lang='lat' dir='ltr'>Pindarus,</span> <span class='ocrx_word' id='word_1_76' title='bbox 386 1176 413 1224; x_wconf 89' lang='lat' dir='ltr'>in</span> <span class='ocrx_word' id='word_1_77' title='bbox 427 1175 523 1224; x_wconf 85' lang='lat' dir='ltr'>foribus</span> <span class='ocrx_word' id='word_1_78' title='bbox 540 1177 652 1241; x_wconf 84' lang='lat' dir='ltr'>gynnasii</span> <span class='ocrx_word' id='word_1_79' title='bbox 667 1176 771 1243; x_wconf 88' lang='lat' dir='ltr'>positus,</span> 
     </span>
     <span class='ocr_line' id='line_1_15' title="bbox 195 1246 794 1313; baseline 0.003 -19"><span class='ocrx_word' id='word_1_80' title='bbox 195 1246 307 1295; x_wconf 81' lang='lat' dir='ltr'>Decessit</span> <span class='ocrx_word' id='word_1_81' title='bbox 324 1247 412 1313; x_wconf 85' lang='lat' dir='ltr'>Stigias</span> <span class='ocrx_word' id='word_1_82' title='bbox 428 1262 526 1295; x_wconf 90' lang='lat' dir='ltr'>currens</span> <span class='ocrx_word' id='word_1_83' title='bbox 542 1247 645 1296; x_wconf 84' lang='lat' dir='ltr'>festinus</span> <span class='ocrx_word' id='word_1_84' title='bbox 662 1247 693 1296; x_wconf 90' lang='lat' dir='ltr'>ad</span> <span class='ocrx_word' id='word_1_85' title='bbox 708 1247 794 1307; x_wconf 69' lang='lat' dir='ltr'>undas</span> 
     </span>
     <span class='ocr_line' id='line_1_16' title="bbox 244 1318 733 1385; baseline 0 -17"><span class='ocrx_word' id='word_1_86' title='bbox 244 1318 298 1368; x_wconf 88' lang='lat' dir='ltr'>Nec</span> <span class='ocrx_word' id='word_1_87' title='bbox 313 1333 374 1384; x_wconf 86' lang='lat' dir='ltr'>puer</span> <span class='ocrx_word' id='word_1_88' title='bbox 390 1319 493 1384; x_wconf 82' lang='lat' dir='ltr'>agnovit</span> <span class='ocrx_word' id='word_1_89' title='bbox 508 1319 585 1385; x_wconf 92' lang='lat' dir='ltr'>ipsius</span> <span class='ocrx_word' id='word_1_90' title='bbox 601 1331 643 1367; x_wconf 94' lang='lat' dir='ltr'>aut</span> <span class='ocrx_word' id='word_1_91' title='bbox 659 1319 733 1368; x_wconf 92' lang='lat' dir='ltr'>sotii:</span> 
     </span>
     <span class='ocr_line' id='line_1_17' title="bbox 196 1389 834 1457; baseline 0.002 -19"><span class='ocrx_word' id='word_1_92' title='bbox 196 1389 334 1457; x_wconf 83' lang='lat' dir='ltr'>Deprendit</span> <span class='ocrx_word' id='word_1_93' title='bbox 348 1391 442 1457; x_wconf 88' lang='lat' dir='ltr'>primus</span> <span class='ocrx_word' id='word_1_94' title='bbox 459 1390 502 1455; x_wconf 87' lang='lat' dir='ltr'>qui</span> <span class='ocrx_word' id='word_1_95' title='bbox 518 1390 630 1439; x_wconf 82' lang='lat' dir='ltr'>claudere</span> <span class='ocrx_word' id='word_1_96' title='bbox 647 1390 834 1456; x_wconf 82' lang='lat' dir='ltr'>gynnasiarchus</span> 
     </span>
     <span class='ocr_line' id='line_1_18' title="bbox 246 1462 864 1529; baseline 0.002 -19"><span class='ocrx_word' id='word_1_97' title='bbox 246 1462 401 1526; x_wconf 89' lang='lat' dir='ltr'>Gynnasium</span> <span class='ocrx_word' id='word_1_98' title='bbox 414 1472 538 1529; x_wconf 86' lang='lat' dir='ltr'>properat,</span> <span class='ocrx_word' id='word_1_99' title='bbox 555 1462 616 1512; x_wconf 91' lang='lat' dir='ltr'>dum</span> <span class='ocrx_word' id='word_1_100' title='bbox 630 1462 695 1511; x_wconf 89' lang='lat' dir='ltr'>fodit</span> <span class='ocrx_word' id='word_1_101' title='bbox 711 1462 769 1510; x_wconf 92' lang='lat' dir='ltr'>huic</span> <span class='ocrx_word' id='word_1_102' title='bbox 783 1462 864 1511; x_wconf 87' lang='lat' dir='ltr'>latera.</span> 
     </span>
     <span class='ocr_line' id='line_1_19' title="bbox 196 1533 740 1600; baseline 0.002 -19"><span class='ocrx_word' id='word_1_103' title='bbox 196 1533 277 1583; x_wconf 85' lang='lat' dir='ltr'>Vivax</span> <span class='ocrx_word' id='word_1_104' title='bbox 292 1533 393 1581; x_wconf 90' lang='lat' dir='ltr'>humani</span> <span class='ocrx_word' id='word_1_105' title='bbox 409 1533 500 1600; x_wconf 83' lang='lat' dir='ltr'>duplex</span> <span class='ocrx_word' id='word_1_106' title='bbox 516 1545 670 1600; x_wconf 80' lang='lat' dir='ltr'>superaverat</span> <span class='ocrx_word' id='word_1_107' title='bbox 685 1533 740 1582; x_wconf 80' lang='lat' dir='ltr'>aevi</span> 
     </span>
     <span class='ocr_line' id='line_1_20' title="bbox 244 1604 787 1672; baseline 0 -19"><span class='ocrx_word' id='word_1_108' title='bbox 244 1605 375 1654; x_wconf 85' lang='lat' dir='ltr'>Anacreon</span> <span class='ocrx_word' id='word_1_109' title='bbox 391 1606 505 1672; x_wconf 86' lang='lat' dir='ltr'>spatium,</span> <span class='ocrx_word' id='word_1_110' title='bbox 521 1606 597 1671; x_wconf 54' lang='lat' dir='ltr'>virga¹</span> <span class='ocrx_word' id='word_1_111' title='bbox 606 1604 707 1671; x_wconf 85' lang='lat' dir='ltr'>regebat</span> <span class='ocrx_word' id='word_1_112' title='bbox 722 1620 787 1664; x_wconf 89' lang='lat' dir='ltr'>eum,</span> 
     </span>
     <span class='ocr_line' id='line_1_21' title="bbox 196 1675 876 1744; baseline -0.001 -19"><span class='ocrx_word' id='word_1_113' title='bbox 196 1677 266 1725; x_wconf 90' lang='lat' dir='ltr'>Dum</span> <span class='ocrx_word' id='word_1_114' title='bbox 281 1675 377 1725; x_wconf 84' lang='lat' dir='ltr'>refovet</span> <span class='ocrx_word' id='word_1_115' title='bbox 393 1692 470 1744; x_wconf 86' lang='lat' dir='ltr'>passa,</span> <span class='ocrx_word' id='word_1_116' title='bbox 488 1687 597 1743; x_wconf 89' lang='lat' dir='ltr'>superest</span> <span class='ocrx_word' id='word_1_117' title='bbox 614 1676 682 1742; x_wconf 85' lang='lat' dir='ltr'>quod</span> <span class='ocrx_word' id='word_1_118' title='bbox 698 1675 803 1736; x_wconf 88' lang='lat' dir='ltr'>roboris,</span> <span class='ocrx_word' id='word_1_119' title='bbox 819 1694 876 1735; x_wconf 87' lang='lat' dir='ltr'>uva,</span> 
     </span>
     <span class='ocr_line' id='line_1_22' title="bbox 245 1748 691 1815; baseline -0.002 -18"><span class='ocrx_word' id='word_1_120' title='bbox 245 1748 324 1797; x_wconf 91' lang='lat' dir='ltr'>Unius</span> <span class='ocrx_word' id='word_1_121' title='bbox 340 1749 409 1814; x_wconf 82' lang='lat' dir='ltr'>grani</span> <span class='ocrx_word' id='word_1_122' title='bbox 426 1765 497 1797; x_wconf 92' lang='lat' dir='ltr'>sucus</span> <span class='ocrx_word' id='word_1_123' title='bbox 514 1764 571 1796; x_wconf 92' lang='lat' dir='ltr'>eum</span> <span class='ocrx_word' id='word_1_124' title='bbox 585 1749 691 1815; x_wconf 87' lang='lat' dir='ltr'>perimit.</span> 
     </span>
     <span class='ocr_line' id='line_1_23' title="bbox 195 1819 727 1869; baseline -0.004 -1"><span class='ocrx_word' id='word_1_125' title='bbox 195 1821 225 1868; x_wconf 87' lang='lat' dir='ltr'>In</span> <span class='ocrx_word' id='word_1_126' title='bbox 241 1820 302 1868; x_wconf 80' lang='lat' dir='ltr'>silva</span> <span class='ocrx_word' id='word_1_127' title='bbox 318 1819 400 1868; x_wconf 89' lang='lat' dir='ltr'>fissam</span> <span class='ocrx_word' id='word_1_128' title='bbox 415 1819 497 1868; x_wconf 89' lang='lat' dir='ltr'>cuneis</span> <span class='ocrx_word' id='word_1_129' title='bbox 514 1830 542 1868; x_wconf 94' lang='lat' dir='ltr'>ut</span> <span class='ocrx_word' id='word_1_130' title='bbox 557 1819 622 1868; x_wconf 85' lang='lat' dir='ltr'>vidit</span> <span class='ocrx_word' id='word_1_131' title='bbox 638 1819 727 1869; x_wconf 89' lang='lat' dir='ltr'>adactis</span> 
     </span>
     <span class='ocr_line' id='line_1_24' title="bbox 246 1890 738 1954; baseline -0.002 -15"><span class='ocrx_word' id='word_1_132' title='bbox 246 1891 379 1954; x_wconf 87' lang='lat' dir='ltr'>Quercum,</span> <span class='ocrx_word' id='word_1_133' title='bbox 396 1891 508 1940; x_wconf 87' lang='lat' dir='ltr'>suffultus</span> <span class='ocrx_word' id='word_1_134' title='bbox 524 1890 618 1940; x_wconf 81' lang='lat' dir='ltr'>viribus</span> <span class='ocrx_word' id='word_1_135' title='bbox 635 1891 738 1950; x_wconf 84' lang='lat' dir='ltr'>eximiis,</span> 
     </span>
     <span class='ocr_line' id='line_1_25' title="bbox 196 1963 762 2029; baseline -0.002 -18"><span class='ocrx_word' id='word_1_136' title='bbox 196 1963 293 2012; x_wconf 80' lang='lat' dir='ltr'>iniectis</span> <span class='ocrx_word' id='word_1_137' title='bbox 309 1963 377 2011; x_wconf 90' lang='lat' dir='ltr'>illam</span> <span class='ocrx_word' id='word_1_138' title='bbox 392 1963 504 2012; x_wconf 89' lang='lat' dir='ltr'>manibus</span> <span class='ocrx_word' id='word_1_139' title='bbox 521 1963 637 2011; x_wconf 83' lang='lat' dir='ltr'>divellere</span> <span class='ocrx_word' id='word_1_140' title='bbox 652 1973 762 2029; x_wconf 91' lang='lat' dir='ltr'>temptat,</span> 
     </span>
     <span class='ocr_line' id='line_1_26' title="bbox 246 2034 788 2097; baseline -0.002 -15"><span class='ocrx_word' id='word_1_141' title='bbox 246 2034 315 2097; x_wconf 89' lang='lat' dir='ltr'>Quae</span> <span class='ocrx_word' id='word_1_142' title='bbox 331 2034 395 2083; x_wconf 86' lang='lat' dir='ltr'>redit</span> <span class='ocrx_word' id='word_1_143' title='bbox 411 2035 515 2083; x_wconf 83' lang='lat' dir='ltr'>excussis</span> <span class='ocrx_word' id='word_1_144' title='bbox 532 2034 563 2083; x_wconf 92' lang='lat' dir='ltr'>ad</span> <span class='ocrx_word' id='word_1_145' title='bbox 579 2035 681 2083; x_wconf 91' lang='lat' dir='ltr'>solitum</span> <span class='ocrx_word' id='word_1_146' title='bbox 697 2034 788 2093; x_wconf 89' lang='lat' dir='ltr'>cuneis,</span> 
     </span>
     <span class='ocr_line' id='line_1_27' title="bbox 196 2104 812 2155; baseline 0 -1"><span class='ocrx_word' id='word_1_147' title='bbox 196 2106 301 2154; x_wconf 86' lang='lat' dir='ltr'>Fortiter</span> <span class='ocrx_word' id='word_1_148' title='bbox 316 2107 419 2154; x_wconf 89' lang='lat' dir='ltr'>astrictis</span> <span class='ocrx_word' id='word_1_149' title='bbox 436 2105 547 2154; x_wconf 86' lang='lat' dir='ltr'>manibus</span> <span class='ocrx_word' id='word_1_150' title='bbox 564 2117 677 2155; x_wconf 84' lang='lat' dir='ltr'>revocata</span> <span class='ocrx_word' id='word_1_151' title='bbox 693 2104 812 2154; x_wconf 89' lang='lat' dir='ltr'>Milonis:</span> 
     </span>
     <span class='ocr_line' id='line_1_28' title="bbox 245 2176 843 2244; baseline 0 -19"><span class='ocrx_word' id='word_1_152' title='bbox 245 2177 381 2227; x_wconf 88' lang='lat' dir='ltr'>Horrendis</span> <span class='ocrx_word' id='word_1_153' title='bbox 398 2178 500 2244; x_wconf 90' lang='lat' dir='ltr'>epulum</span> <span class='ocrx_word' id='word_1_154' title='bbox 514 2177 627 2243; x_wconf 86' lang='lat' dir='ltr'>praebuit</span> <span class='ocrx_word' id='word_1_155' title='bbox 643 2194 694 2226; x_wconf 87' lang='lat' dir='ltr'>esse</span> <span class='ocrx_word' id='word_1_156' title='bbox 710 2176 775 2226; x_wconf 87' lang='lat' dir='ltr'>feris.</span> <span class='ocrx_word' id='word_1_157' title='bbox 841 2201 843 2203; x_wconf 96' lang='lat'>·</span> 
     </span>
    </p>
   </div>
   <div class='ocr_carea' id='block_1_3' title="bbox 369 2316 734 2362">
    <p class='ocr_par' dir='ltr' id='par_1_5' title="bbox 369 2316 734 2362">
     <span class='ocr_line' id='line_1_29' title="bbox 369 2316 734 2362; baseline 0 -2"><span class='ocrx_word' id='word_1_158' title='bbox 369 2319 420 2361; x_wconf 50' lang='lat' dir='ltr'>DE¹</span> <span class='ocrx_word' id='word_1_159' title='bbox 430 2317 620 2362; x_wconf 88' lang='lat' dir='ltr'>CUPIDITATE</span> <span class='ocrx_word' id='word_1_160' title='bbox 636 2316 734 2361; x_wconf 87' lang='lat' dir='ltr'>VITAE</span> 
     </span>
    </p>
   </div>
   <div class='ocr_carea' id='block_1_4' title="bbox 536 2447 562 2491">
    <p class='ocr_par' dir='ltr' id='par_1_6' title="bbox 536 2447 562 2491">
     <span class='ocr_line' id='line_1_30' title="bbox 536 2447 562 2491; baseline 0 0"><span class='ocrx_word' id='word_1_161' title='bbox 536 2447 562 2491; x_wconf 75' lang='lat'>13</span> 
     </span>
    </p>
   </div>
   <div class='ocr_carea' id='block_1_5' title="bbox 195 2536 827 2675">
    <p class='ocr_par' dir='ltr' id='par_1_7' title="bbox 195 2536 827 2675">
     <span class='ocr_line' id='line_1_31' title="bbox 195 2536 827 2604; baseline -0.006 -18"><span class='ocrx_word' id='word_1_162' title='bbox 195 2536 311 2603; x_wconf 88' lang='lat' dir='ltr'>Aquilius</span> <span class='ocrx_word' id='word_1_163' title='bbox 326 2536 437 2603; x_wconf 88' lang='lat' dir='ltr'>pulcram</span> <span class='ocrx_word' id='word_1_164' title='bbox 451 2536 533 2604; x_wconf 91' lang='lat' dir='ltr'>potuit</span> <span class='ocrx_word' id='word_1_165' title='bbox 548 2537 698 2584; x_wconf 89' lang='lat' dir='ltr'>consciscere</span> <span class='ocrx_word' id='word_1_166' title='bbox 713 2546 827 2594; x_wconf 89' lang='lat' dir='ltr'>mortem,</span> 
     </span>
     <span class='ocr_line' id='line_1_32' title="bbox 245 2607 754 2675; baseline -0.004 -20"><span class='ocrx_word' id='word_1_167' title='bbox 245 2608 297 2670; x_wconf 87' lang='lat' dir='ltr'>Qui</span> <span class='ocrx_word' id='word_1_168' title='bbox 313 2608 403 2656; x_wconf 83' lang='lat' dir='ltr'>servire</span> <span class='ocrx_word' id='word_1_169' title='bbox 418 2607 496 2673; x_wconf 83' lang='lat' dir='ltr'>magis</span> <span class='ocrx_word' id='word_1_170' title='bbox 512 2608 616 2674; x_wconf 87' lang='lat' dir='ltr'>turpiter</span> <span class='ocrx_word' id='word_1_171' title='bbox 632 2607 754 2675; x_wconf 89' lang='lat' dir='ltr'>appeciit;</span> 
     </span>
    </p>
   </div>
   <div class='ocr_carea' id='block_1_6' title="bbox 123 2724 911 2818">
    <p class='ocr_par' dir='ltr' id='par_1_8' title="bbox 123 2724 911 2818">
     <span class='ocr_line' id='line_1_33' title="bbox 159 2724 911 2771; baseline -0.004 -10"><span class='ocrx_word' id='word_1_172' title='bbox 159 2738 181 2771; x_wconf 76' lang='lat'>49</span> <span class='ocrx_word' id='word_1_173' title='bbox 190 2727 237 2762; x_wconf 84' lang='lat' dir='ltr'>locat</span> <span class='ocrx_word' id='word_1_174' title='bbox 246 2726 276 2760; x_wconf 85' lang='lat' dir='ltr'>has</span> <span class='ocrx_word' id='word_1_175' title='bbox 286 2726 333 2760; x_wconf 88' lang='lat' dir='ltr'>lecto</span> <span class='ocrx_word' id='word_1_176' title='bbox 343 2726 448 2760; x_wconf 85' lang='lat' dir='ltr'>residentem</span> <span class='ocrx_word' id='word_1_177' title='bbox 457 2728 473 2760; x_wconf 83' lang='lat' dir='ltr'>in</span> <span class='ocrx_word' id='word_1_178' title='bbox 482 2737 514 2759; x_wconf 84' lang='lat' dir='ltr'>ras.</span> <span class='ocrx_word' id='word_1_179' title='bbox 525 2725 547 2759; x_wconf 84' lang='lat' dir='ltr'>al.</span> <span class='ocrx_word' id='word_1_180' title='bbox 560 2737 601 2760; x_wconf 78' lang='lat' dir='ltr'>man.</span> <span class='ocrx_word' id='word_1_181' title='bbox 627 2744 628 2749; x_wconf 67' lang='lat'>=</span> <span class='ocrx_word' id='word_1_182' title='bbox 662 2738 682 2769; x_wconf 81' lang='lat'>50</span> <span class='ocrx_word' id='word_1_183' title='bbox 695 2724 766 2759; x_wconf 85' lang='lat' dir='ltr'>mandat</span> <span class='ocrx_word' id='word_1_184' title='bbox 778 2736 807 2759; x_wconf 85' lang='lat' dir='ltr'>eas</span> <span class='ocrx_word' id='word_1_185' title='bbox 818 2727 834 2758; x_wconf 86' lang='lat' dir='ltr'>in</span> <span class='ocrx_word' id='word_1_186' title='bbox 845 2737 877 2759; x_wconf 86' lang='lat' dir='ltr'>ras.</span> <span class='ocrx_word' id='word_1_187' title='bbox 887 2724 911 2759; x_wconf 84' lang='lat' dir='ltr'>al.</span> 
     </span>
     <span class='ocr_line' id='line_1_34' title="bbox 123 2774 475 2818; baseline -0.006 -9"><span class='ocrx_word' id='word_1_188' title='bbox 123 2787 167 2810; x_wconf 67' lang='lat' dir='ltr'>taran.</span> <span class='ocrx_word' id='word_1_189' title='bbox 215 2774 236 2809; x_wconf 83' lang='lat'>62</span> <span class='ocrx_word' id='word_1_190' title='bbox 248 2774 360 2818; x_wconf 80' lang='lat' dir='ltr'>gynnasium:</span> <span class='ocrx_word' id='word_1_191' title='bbox 373 2786 385 2807; x_wconf 89' lang='lat' dir='ltr'>n</span> <span class='ocrx_word' id='word_1_192' title='bbox 396 2780 475 2818; x_wconf 76' lang='lat' dir='ltr'>suprascr.</span> 
     </span>
    </p>
   </div>
   <div class='ocr_carea' id='block_1_7' title="bbox 0 0 1039 3216">
    <p class='ocr_par' dir='ltr' id='par_1_9' title="bbox 0 0 1039 3216">
     <span class='ocr_line' id='line_1_35' title="bbox 0 0 1039 3216; baseline 0 0"><span class='ocrx_word' id='word_1_193' title='bbox 0 0 1039 3216; x_wconf 95' lang='lat' dir='ltr'> </span> 
     </span>
    </p>
   </div>
  </div>
 </body>
</html>
