2068 3216
457 230 577 265 uprsruca
602 217 663 265 VIII

203 360 236 407 Et
252 359 312 407 dum
332 397 469 408 ......
487 360 601 426 pecuaria
617 360 718 426 grandia
733 360 812 425 pascit

253 468 390 481 ......
410 429 476 479 duris
493 432 573 480 extitit
588 431 702 498 agricolis
933 455 954 476 20

204 502 220 551 S
240 541 245 551 .
266 542 271 552 .
293 541 297 551 .
318 501 489 552 Molossorum
504 503 598 552 cinctus
615 519 690 570 grege
705 519 750 569 per
767 503 825 569 iuga
843 504 918 570 longa

254 612 258 623 .
279 613 284 623 .
306 612 311 622 .
333 613 337 624 .
356 588 401 639 per
417 573 507 623 densos
527 613 532 623 .
553 614 558 624 .
581 614 585 624 .
607 615 612 624 .
631 592 676 643 per
691 575 774 641 patula

202 646 313 694 Venator
328 661 430 695 cervum
445 661 542 711 capreas
558 647 665 713 agitabat
681 659 705 696 et
721 661 809 712 aprum

253 756 257 766 .
279 754 283 765 .
305 755 310 766 .
332 756 336 766 .
355 717 461 783 pastoris
481 733 551 783 saepe
567 718 667 767 cadebat
683 719 735 768 avis

202 789 227 836 V
247 826 251 838 .
272 826 277 836 .
299 828 304 838 .
326 828 331 838 .
349 807 392 838 u..
411 806 446 837 un
467 828 472 838 .
490 790 522 838 tis
538 790 604 839 leves
621 789 750 856 superabat
766 789 875 856 ephebos
932 812 951 844 25

254 899 498 910 ..........
517 861 629 910 cursibus
645 862 754 928 inposita

202 931 215 979 Ι
252 970 657 982 ................
675 949 746 999 saepe
762 933 849 982 relicto

252 1041 576 1054 .............
595 1016 693 1071 tegente
709 1021 791 1055 comas

202 1075 223 1122 L
248 1113 627 1126 ...............
646 1088 727 1125 rotare
743 1077 813 1126 salire

254 1184 606 1197 ..............
626 1147 738 1214 derigere
931 1170 952 1202 30

203 1218 223 1266 C
254 1257 496 1269 ..........
516 1219 617 1270 Aiacem
632 1230 739 1269 sternere
754 1232 868 1286 promtus

252 1328 551 1340 ............
569 1306 628 1357 pere
644 1291 712 1342 mitis
729 1308 760 1340 eo

203 1360 229 1423 Q
254 1400 498 1412 ..........
516 1374 649 1429 postquam
664 1363 767 1411 sortitur
782 1363 878 1412 avitum

252 1472 495 1484 ..........
514 1451 567 1483 non
582 1435 639 1482 tulit
655 1451 707 1483 esse
722 1449 806 1499 parem

202 1504 222 1552 P
250 1543 549 1555 ............
568 1505 634 1555 hunc
650 1505 797 1556 occumbere
812 1518 891 1555 rastro
931 1528 950 1560 35

253 1615 496 1627 ..........
516 1578 629 1644 corporis
645 1594 673 1625 ac
688 1577 772 1626 animi.

203 1648 228 1696 Si
243 1648 309 1697 Paris
327 1650 444 1697 Oenones
459 1648 526 1698 tedas
543 1665 595 1697 non
611 1648 756 1708 erubuisset,

251 1720 312 1769 Non
327 1720 448 1769 Helenam
463 1732 565 1787 raperet,
581 1720 676 1785 integra
693 1720 767 1769 Troia
781 1718 855 1780 foret,

203 1791 286 1854 Quem
300 1790 398 1858 fugiens
415 1792 460 1839 sati
480 1829 725 1841 ..........
744 1791 858 1858 nimphas

251 1863 321 1914 Dum
336 1863 422 1912 sternit
437 1862 508 1912 molli
522 1862 611 1912 fronde
627 1862 719 1912 cubiles
739 1901 744 1912 .
767 1902 772 1912 .
792 1901 797 1912 .
927 1886 949 1917 40

203 1933 237 1982 At
253 1934 313 1984 dum
328 1935 485 2000 Pergameam
500 1935 627 2001 repetisset
647 1973 839 1984 ........

252 2004 352 2054 Oblitus
368 2007 431 2054 ruris
448 2005 517 2072 quod
531 2017 600 2073 pater
615 2023 666 2055 esse
695 2045 700 2055 .
723 2044 727 2054 .
749 2045 754 2054 .

203 2077 310 2127 Praemia
329 2077 370 2126 dat
389 2115 848 2129 ..................

252 2149 367 2214 Pergama
383 2166 454 2198 succe
470 2187 635 2199 .......
655 2149 768 2214 quamvis
789 2187 794 2198 .
816 2189 821 2199 .
843 2189 848 2199 .

203 2219 349 2285 Assequitur
364 2220 434 2286 regni
448 2219 524 2269 fasces
543 2220 598 2270 Saul
614 2220 686 2269 unius
702 2221 760 2269 anni
929 2243 950 2276 45

252 2290 327 2340 Filius
343 2290 402 2340 haec
417 2292 493 2340 inerat
510 2292 650 2359 simplicitas
669 2330 674 2341 .
696 2331 700 2341 .
722 2330 727 2340 .
749 2330 754 2341 .

205 2361 362 2412 Sublimem.
383 2401 388 2412 .
411 2401 416 2412 .
437 2401 442 2412 .
462 2363 509 2412 sibi
525 2379 594 2413 more
614 2402 833 2413 .........

252 2433 367 2496 Vindicat
388 2435 463 2499 inque
483 2473 834 2484 ..............

205 2504 300 2571 Spernit
315 2505 381 2556 enim
396 2506 477 2571 legem
496 2544 501 2554 .
522 2545 527 2555 .
548 2545 553 2555 .
576 2545 580 2555 .
598 2506 709 2573 legisque
725 2506 838 2555 datorem

253 2577 303 2643 Ipsi
319 2576 437 2627 dilectum
456 2616 644 2627 ........
664 2594 719 2627 rum
930 2602 951 2634 50

204 2649 265 2697 Non
279 2648 305 2696 in
320 2664 366 2697 vos
383 2666 413 2697 ex
431 2685 781 2699 ..............
800 2650 839 2698 vis

254 2720 283 2768 Se
300 2721 366 2768 solos
392 2720 438 2769 orb
458 2759 755 2770 ............
