2068 3216
859 122 912 187 ι269

468 200 587 242 Birsama
612 195 647 243 ΠΙ

201 353 215 384 «
225 336 249 385 Si
266 337 344 386 valeas
354 355 377 396 »‚
399 337 432 384 ait
451 337 500 396 ille,
524 337 598 395 «sile,
620 337 794 402 theoremaque
816 350 914 403 ceptum

248 408 366 474 Indagate
381 407 445 456 celer
461 408 518 456 hinc
534 408 648 458 abeundo
666 409 749 458 sinen:

200 480 304 546 Indigne
320 480 363 545 qui
379 479 454 545 digna
469 479 549 528 ferens
566 496 682 547 responsa
698 480 817 542 modesti,¹
871 523 873 525 ,

249 552 376 601 Cervicem
391 551 481 616 rigid0,
497 567 543 619 pro
560 552 649 601 dolor!
667 569 723 601 ense
739 551 803 601 ferit
856 559 857 564 ’
927 573 950 604 40

201 623 280 672 Corde
295 623 358 689 vigil
374 623 469 671 trutina
481 624 556 671 timor
571 641 603 672 an
617 623 758 691 possederit
771 623 843 672 huius
887 631 903 640 ”’

248 696 346 744 Viscera
363 695 497 761 spernentis
514 695 599 743 militis
615 712 688 755 arma,
706 696 799 745 minas!

200 766 292 815 luditio
310 768 418 816 Socrates
436 767 492 832 quia
508 783 560 814 non
576 768 677 816 assensit
692 767 779 832 iniquo

249 838 350 888 Civibus
366 838 432 886 iratis
449 839 549 886 carceris
565 838 614 886 ima
631 838 711 888 subit:
783 859 793 862 ··

200 909 391 959 Sorbitio‘dirae
407 909 478 958 datur
493 910 530 958 illi
546 910 602 958 trita
618 910 741 969 colubrae,

249 983 319 1030 Hanc
334 982 417 1030 animo
433 981 493 1030 forti
509 981 591 1030 fronte
608 998 705 1031 serenus
722 982 766 1030 ubi

200 1052 343 1102 Exhautiret
359 1054 395 1102 uti
411 1065 526 1120 protensa
543 1054 643 1120 suscipit
659 1054 724 1112 ulna,

248 1126 380 1192 Xantippe‚
397 1124 470 1191 largis
487 1125 606 1173 imbribus
623 1125 671 1174 uda
688 1142 770 1191 genas,
837 1128 839 1131 '

200 1197 288 1257 Eiulat,
296 1197 479 1255 «inmeritam»,
486 1196 576 1257 dicens,
584 1197 770 1256 <‹bibis‚0here‚
777 1197 913 1246 morteml»

249 1270 331 1332 Quam
345 1267 453 1335 prudens
470 1269 571 1317 monitis
587 1269 709 1335 increpuit
724 1268 836 1318 levibus:
929 1289 949 1321 50

201 1340 325 1406 «Absque
341 1340 442 1406 gravine
457 1352 528 1406 putas
545 1340 633 1389 melius
650 1340 766 1389 decedere
782 1357 854 1399 noxa,

249 1413 331 1475 Quam
341 1411 421 1460 multo
432 1412 546 1478 gravium
555 1411 620 1461 fasce
631 1428 732 1478 gravem
742 1411 862 1460 scelerum
878 1411 889 1458 ?
899 1430 913 1457 »

199 1483 299 1549 Frigore
314 1483 389 1531 verba
404 1484 467 1532 calix
481 1483 598 1532 damnans
612 1483 755 1551 praecordia
770 1484 844 1550 rupit,

248 1555 352 1603 Horruit
368 1554 434 1603 haud
449 1554 553 1604 foedum
564 1556 604 1603 vir
615 1555 708 1623 probus
721 1555 831 1604 exitium.

153 1654 166 1657 =·
186 1627 297 1693 Exponi
313 1626 383 1674 iussit
400 1643 425 1674 se
440 1627 568 1692 Diogenes
584 1627 747 1685 inhumatum,
928 1646 947 1678 55

247 1697 379 1746 Declarans
395 1714 480 1746 curam
495 1698 530 1746 nil
546 1697 600 1747 fore
616 1714 779 1764 corpoream

199 1769 277 1818 Aiunt
293 1769 399 1835 cognati,
417 1770 460 1835 qui
476 1774 534 1818 tunc
550 1770 650 1818 aderant
665 1770 789 1827 morienti,

248 1841 390 1907 «Praecipis
407 1840 490 1908 Arpiis
506 1841 665 1890 indomitisve
681 1841 739 1890 feris
748 1859 781 1899 >›;

200 1913 298 1972 «Non»,
309 1912 350 1972 ait,
362 1923 401 1960 «at
411 1913 539 1961 modicum
549 1930 589 1961 me
599 1928 665 1979 pone
675 1913 754 1961 locate
765 1912 895 1961 bacillum»
907 1931 913 1970 ;

248 1983 415 2049 Respondent,
428 2002 442 2032 «
454 1984 485 2033 ad
497 1984 558 2049 quid
573 1985 585 2032 ?
597 1985 689 2050 quippe
700 1984 777 2032 nichil
787 1984 880 2049 poteris
890 2003 912 2032 >›.
927 1993 949 2027 60

202 2056 290 2120 «Ergo
299 2055 390 2120 quid»,
398 2054 459 2115 infit,
470 2074 483 2103 «
491 2056 562 2104 obest
569 2056 619 2104 iam
625 2057 717 2115 vultur,
726 2056 805 2115 belua,
814 2071 913 2113 corvus,

248 2127 332 2176 Sentio
348 2143 400 2174 non
415 2144 510 2192 ungues
526 2138 636 2176 rostrave
658 2144 715 2175 cum
731 2127 862 2176 volucrum
878 2127 911 2175 Ρ»

200 2198 319 2246 Tutorem
334 2198 412 2262 turpis
430 2199 546 2247 Senecam
561 2215 728 2247 memoremne
744 2199 852 2248 Neronis

249 2270 338 2332 Quem,
356 2269 413 2334 quia
428 2270 506 2318 iustus
523 2281 581 2329 erat,
598 2270 683 2319 oderat
699 2271 751 2335 ipse
767 2271 836 2319 Nero
853 2270 864 2318 ?

199 2340 306 2407 Deligat,
323 2340 404 2399 edicit,
421 2342 501 2390 Cociti
517 2359 568 2407 quo
584 2342 654 2408 nigra
670 2342 738 2390 malit
884 2366 885 2369 ¹
927 2350 947 2394 65

248 2412 336 2461 Pernix
349 2413 476 2478 praecipiti
492 2414 551 2461 calle
568 2412 648 2462 subire
664 2414 725 2472 loca,

201 2483 301 2532 Sobrius
317 2483 402 2532 incesti
419 2485 476 2550 quia
492 2496 594 2533 noverat
610 2486 655 2533 iste
671 2485 760 2533 tiranni

247 2555 397 2604 indomitam
412 2555 512 2619 rabiem,
529 2557 654 2622 sanguinis
671 2569 743 2622 atque
760 2556 844 2615 sitim;

164 2724 183 2764 58
196 2697 340 2755 totaliaeainran
371 2708 372 2713 ¹
385 2720 405 2754 61
419 2720 503 2765 (belu).(a)
519 2734 552 2756 ras.
