2068 3216
35 1642 47 1677 i.
61 1645 94 1685 178

691 180 693 185 Α
838 139 884 184 441

369 209 503 244 umacuna
520 209 538 244 s.
555 207 695 243 uuuuorcrr

176 339 272 399 Defert,
288 338 386 388 Luciaci
402 339 488 388 solitus
505 339 540 387 sic
554 338 635 387 incola
651 337 730 398 castri,

226 410 359 459 Rotbertus
375 409 485 460 lichnum
499 410 575 477 patris
590 410 798 475 iri-obsequium

177 484 202 532 A
217 482 362 532 candelabro
379 482 443 531 cadit
458 483 485 530 in
500 482 621 531 velamine
638 499 705 531 sacro

227 556 258 602 Et
275 569 347 621 super
363 555 411 603 hoc
425 554 491 612 arsit,
507 554 543 603 nil
560 553 602 603 sed
618 554 640 603 ei
656 554 749 603 nocuit.

177 625 288 693 Imponis
304 625 416 676 cubitum
432 640 593 691 superatam,
609 626 706 686 rustice,
722 626 816 685 tritum,
890 647 922 681 935

227 699 310 761 Quem
325 697 370 747 tibi
385 697 503 747 contrivit
519 697 657 763 Hugo'nec
673 697 787 757 erubuit;

178 771 237 819 Eius
254 785 311 818 cum
327 769 412 818 cubito
427 768 455 819 fit
471 784 560 836 corpus
576 770 662 818 inutile
678 769 767 818 morbo

227 840 304 904 Quod
319 853 414 908 patrem
430 841 537 906 sprevit:
549 852 606 908 post
622 841 750 892 modicum
764 842 844 907 petiit.

177 912 301 963 Nocturni
316 913 436 972 lemures
446 913 561 972 Gautere5
576 928 620 980 per
636 913 683 962 alta
698 911 811 973 ferentes,

226 985 348 1044 Nituntur
353 995 426 1034 tetro
443 999 552 1050 mergere
567 996 640 1033 nocte
655 985 738 1044 vad03
890 1006 924 1039 940

177 1057 219 1106 Ad
234 1056 309 1123 patris
325 1073 417 1106 nomen
434 1055 544 1122 Stigium
555 1055 673 1123 disparuit
688 1058 785 1122 agmen,

227 1127 318 1177 Evadis
334 1128 441 1177 tremulo
456 1128 500 1176 vix
514 1127 688 1177 tremebundus
705 1145 777 1194 equo.

177 1200 230 1248 Iam
245 1200 366 1265 desperati
381 1210 508 1266 penetrant
523 1200 574 1249 duo
591 1199 710 1248 debilitati

227 1271 288 1320 Crus
303 1270 385 1321 femur
399 1284 515 1336 augustae
531 1271 627 1326 moenia
642 1271 769 1330 basilicae;

179 1344 250 1406 Quos
267 1343 324 1407 quia
340 1359 395 1408 spes
412 1342 487 1391 subiit
502 1354 570 1408 patre
586 1343 731 1408 suffragante
746 1343 832 1402 iuvari,
890 1364 922 1397 945

227 1414 345 1464 Nodosos
362 1426 427 1481 artus
444 1414 534 1464 humor
548 1414 592 1463 alit
607 1415 704 1464 refluus,

178 1486 254 1535 Patris
270 1486 329 1535 uina
343 1501 410 1551 penu
426 1485 541 1536 dominae
556 1486 617 1550 dum
632 1487 738 1535 condere
753 1487 828 1545 iussu,

227 1557 355 1624 Ansegise‚
371 1573 449 1625 paraS,
465 1557 492 1606 ni
507 1558 557 1606 cito
573 1559 702 1625 paeniteas,

178 1629 279 1679 Amittis
295 1641 381 1680 natum
396 1630 499 1678 torrenti
513 1628 581 1679 febre
595 1630 730 1696 pusillum:

228 1700 314 1766 Tergis
330 1712 359 1749 ut
374 1713 488 1762 erratum,
504 1717 564 1752 mox
570 1701 665 1767 'recipis
680 1717 792 1769 puerum.
891 1722 926 1755 950

178 1773 234 1821 Lux
247 1771 329 1821 aderat
344 1772 408 1838 patri
425 1773 532 1836 Quintili
547 1789 630 1836 mense
645 1773 762 1822 celebris:

228 1844 296 1893 Nens
314 1844 434 1910 quaedam
448 1844 533 1895 fusum
549 1856 683 1911 sumpserat
698 1856 771 1911 atque
787 1844 879 1903 coium,

116 1979 118 1981 ι
178 1916 277 1981 Accipit
293 1916 352 1964 haec
368 1917 452 1976 ictum,
468 1918 526 1965 latet
541 1933 555 1964 a
571 1933 622 1982 quo
639 1916 719 1976 dante,
735 1928 871 1975 cruentum,

228 1987 322 2036 Territa
338 2004 398 2036 mox
413 1989 495 2047 servit,
511 1988 587 2037 libera
602 2005 660 2038 cum
674 1987 756 2037 fuerit.

178 2058 263 2107 Altera
278 2071 386 2118 neverat,
403 2060 445 2123 has
461 2060 580 2125 percurrit
595 2059 691 2125 pectine
706 2060 774 2118 telas,

228 2130 314 2179 Haesit
330 2146 390 2180 mox
405 2132 502 2180 dextrae
516 2142 604 2199 pecten
620 2132 644 2196 ei
658 2131 776 2190 miserae;

179 2201 329 2259 Vociferans
339 2203 425 2267 vicum
440 2202 516 2270 replet
531 2202 679 2251 clamoribus
695 2203 784 2267 ipsum,

229 2274 366 2339 Extorques
382 2274 486 2341 lignum,
503 2274 599 2334 rustice,
616 2273 782 2323 multifidum:

179 2345 214 2394 At
229 2346 284 2393 vice
299 2345 408 2406 mirifica,
425 2358 466 2395 tua
482 2363 544 2411 quae
559 2346 684 2396 temeraria
700 2345 783 2394 dextra

228 2417 353 2466 Virtutem
368 2418 454 2477 violat,
470 2435 530 2467 mox
544 2417 703 2467 tremebunda
719 2418 801 2476 micat,
884 2424 928 2471 ‘960

180 2489 234 2538 Nec
249 2488 382 2545 valetesse
398 2490 454 2538 loco
471 2490 583 2555 quamvis
600 2489 687 2538 sterilis
704 2489 734 2536 sit
750 2490 776 2537 in
792 2505 860 2537 uno:

234 2560 272 2608 Sic
287 2560 401 2610 transfers
417 2562 443 2609 in
459 2572 483 2610 te
499 2561 586 2620 danna,
602 2561 682 2619 miser,
699 2560 808 2609 miserae.

142 2690 176 2723 944
186 2685 220 2714 tata
226 2679 267 2714 linea
273 2678 290 2711 in
297 2689 330 2714 ras.
337 2685 353 2713 et
359 2679 381 2714 al.
388 2691 430 2714 man.
478 2690 510 2724 947
517 2680 598 2715 dominae
605 2679 671 2714 durnin
678 2690 711 2715 raa
720 2685 735 2712 et
741 2677 762 2713 al.
771 2690 816 2713 man.

108 2727 140 2770 956
153 2726 257 2771 (dext).(rae)
267 2736 299 2761 ras.
