2068 3216
318 225 353 259 DE
368 217 577 260 MEMonaarimus
592 211 636 260 ΠΙ.
655 229 668 259 2

137 353 210 401 Hunc
226 352 289 419 rapit
308 352 339 402 ad
354 351 435 402 fauces
452 364 476 401 et
492 352 602 402 dextram
617 353 696 402 tendit
711 353 742 402 ad
759 353 850 412 hostes,

186 424 309 473 «Dimicat
318 424 367 473 huc
376 424 462 483 hostis,
473 440 524 491 quo
534 425 631 485 miser»,
641 424 729 490 inquit,
741 423 806 473 «abis
823 423 850 472 ?»

136 495 224 545 Victor
240 496 342 545 devictis
358 496 475 545 remeavit
490 511 550 545 mox
565 496 678 556 inimicis,

184 566 269 617 Virtus
285 566 371 617 invicti
386 566 506 633 praestitit
521 566 580 617 haec
596 568 678 617 animi.

137 640 262 688 Romanus
280 640 376 705 Capuae
392 639 453 688 dum
468 639 538 688 miles
554 639 581 688 in
596 638 727 689 obsidione

184 710 334 760 Annibalem
349 710 444 759 clausus
460 727 513 759 non
527 711 594 760 valet
609 710 723 777 effugere,

136 781 239 842 Acceus,
256 782 370 848 Pelignae
386 781 437 831 dux
450 782 545 849 primus
562 784 588 831 in
603 784 701 848 agmine
716 794 818 841 turmae,

186 853 283 902 Transit
298 854 390 903 vexillo
406 854 496 903 Punica
512 865 588 903 castra
605 870 658 914 suo,

137 926 253 975 Devovet
269 925 335 974 idem
351 942 376 974 sc
392 924 480 974 referat
495 925 543 974 nisi
557 926 671 992 protinus
687 926 752 984 inde,
843 933 897 980 1f.29

185 997 307 1062 Inrumpit
323 997 406 1045 castris
422 1013 480 1045 cum
495 1014 574 1046 cuneo
592 996 682 1056 Tiriis;

138 1068 223 1118 Tereia
239 1069 279 1117 cui
294 1063 360 1134 legio
376 1068 475 1117 Flaccus
491 1067 622 1118 commissa
637 1067 737 1117 tribuno

185 1141 329 1199 Proclamat,
347 1140 440 1199 «socii,
456 1140 517 1208 quid
534 1157 617 1190 sumus
633 1140 674 1189 hic
690 1140 782 1205 stupidi
798 1139 809 1188 ?

137 1213 207 1262 Num
222 1223 369 1278 spectatores
385 1211 477 1261 alienae
493 1223 584 1260 stamus
600 1212 706 1261 inhertes

185 1283 298 1342 Virtutis,
315 1283 394 1331 nostri
409 1283 680 1333 nominis‘inmemores
691 1283 708 1331 ⁴?

122 1355 268 1421 Numquid
284 1351 409 1403 Romanos
425 1366 542 1420 praeeunt
557 1355 649 1404 virtute
665 1354 773 1404 Latini?

185 1427 299 1475 Dedecus
315 1426 364 1474 hoc
380 1425 451 1486 absit,
468 1421 582 1486 Romule,
599 1438 671 1493 gente
687 1427 744 1474 tual

136 1497 188 1546 Aut
200 1515 249 1564 ego
260 1498 309 1546 iam
320 1498 434 1563 pulcrum
446 1498 552 1547 sustollo
563 1516 594 1547 ex
604 1498 675 1547 hoste
686 1497 826 1563 tropheum,

184 1570 237 1618 Aut
253 1587 301 1635 ego
317 1569 442 1618 famosum
457 1585 575 1635 comparo
592 1586 651 1618 mox
666 1569 764 1618 obitum
772 1587 804 1628 »;

136 1641 238 1690 Dixerat
254 1652 278 1690 et
294 1640 417 1690 Numidae
432 1642 570 1706 penetrauit
586 1653 662 1690 castra
678 1652 784 1706 repente,

183 1712 224 1761 llli
240 1729 266 1762 se
282 1713 372 1761 sotiant
388 1712 432 1777 qui
443 1712 494 1762 sub
510 1730 540 1761 eo
556 1712 660 1772 fuerant,

136 1784 254 1834 Centurio
270 1795 366 1832 tantum
382 1784 492 1851 sequitur
507 1784 628 1850 Dinapius
645 1800 740 1842 ausum,
798 1815 799 1818 =

183 1855 289 1904 Fortiter
304 1855 414 1904 avulsam
429 1856 571 1905 concutiens
588 1855 702 1922 aquilam,

138 1929 261 1986 «Haec»,
282 1927 324 1986 ait,
347 1927 486 1992 «oppansis
508 1928 604 1976 Poenos
625 1926 763 1976 diverberat
778 1925 844 1985 alis,

184 2000 250 2047 Ense
265 1997 351 2047 cadam
366 1998 436 2046 Tirio
453 2015 528 2064 quam
543 1999 590 2047 nisi
606 2014 666 2047 mox
681 1998 793 2047 refero».

134 2072 198 2119 Istos
213 2081 262 2118 tres
277 2069 354 2119 fortes
370 2069 519 2119 comitantur
533 2082 582 2119 tres
597 2070 716 2136 legiones,

182 2142 301 2190 Assuetae
316 2141 388 2190 bellis
403 2153 477 2209 atque
492 2157 561 2207 pares
577 2141 673 2200 animis,

134 2213 223 2262 Audax
238 2213 364 2278 inceptum
379 2212 470 2262 meruit
485 2212 561 2261 finem
576 2213 723 2278 speciosum,

182 2284 318 2350 Implerunt
333 2294 423 2333 votum
437 2284 536 2333 fortiter
551 2285 696 2350 egregium

134 2357 229 2405 Poenus
247 2356 290 2423 qui
308 2355 418 2420 Capuam
433 2355 545 2405 rebeatur
560 2355 649 2404 habere
665 2355 797 2413 subactam,

183 2428 285 2476 Securus
302 2426 386 2475 castris
402 2428 452 2475 iam
466 2428 553 2495 nequit
568 2444 620 2476 esse
636 2427 694 2476 suis.
733 2423 734 2426 '

133 2499 224 2548 Occius
241 2509 277 2547 est
293 2497 372 2547 dictus
388 2499 477 2548 merito
493 2498 592 2547 virtutis
608 2499 733 2547 Achilles:
786 2516 788 2520 ’

182 2571 273 2619 Contra
290 2569 412 2619 Celtibros
428 2570 470 2629 ire,
488 2571 596 2630 Metelle,
612 2586 689 2635 paras,

96 2736 272 2780 148(val)etinras,
327 2736 357 2779 167
367 2736 509 2780 (comparantur)
524 2747 557 2770 ras.
611 2748 643 2779 170
663 2736 800 2780 (imple)..(n1nr)
814 2744 853 2771 ran*
