2068 3216
333 231 439 265 HYMNUS
456 232 485 265 IN
501 231 609 265 HONORE
625 232 648 265 B.
665 232 749 266 MAURI

183 357 236 421 Qui
252 370 334 407 tamen
350 358 475 407 Christum
490 358 580 408 latebra
596 357 719 409 fovebant

233 429 320 478 Cordis
337 445 420 496 opaca.

184 585 276 634 Horret
292 601 390 634 exosam
406 584 499 634 rabiem
514 586 639 652 luporum,

183 656 315 706 Beluarum
330 657 373 723 qui
389 657 491 706 lacerare
507 673 577 706 more

184 729 315 777 Martirum
330 745 412 778 carnes
428 729 518 778 misero
534 728 619 778 furore

233 800 333 865 Semper
348 800 456 850 hiabant.

183 955 233 1004 Vix
247 955 288 1004 hic
304 955 407 1004 occultis
424 971 489 1004 sacer
504 972 582 1022 agnus
598 956 645 1005 aris

184 1025 367 1087 Immolabatur‚
383 1027 441 1093 quia
456 1027 606 1093 pertimescit

182 1099 207 1148 A
222 1098 365 1165 magistratu
380 1099 487 1165 populus
504 1098 583 1148 fidelis

231 1171 271 1221 Nc
287 1170 415 1237 lapidetur.

183 1327 250 1374 Haec
265 1326 352 1376 videns
369 1327 470 1374 Maurus
486 1325 553 1391 fugit
568 1325 629 1374 urbe
645 1341 719 1385 sacra,

184 1398 215 1447 Et
231 1413 305 1463 specu
321 1397 417 1446 clausus
434 1408 505 1463 rogat
521 1397 612 1463 expiari

183 1469 283 1518 Crimen
299 1470 400 1518 humani
416 1469 519 1535 generis,
535 1469 648 1535 pudenda

231 1541 338 1589 Crimina
354 1542 456 1590 Rornae.

183 1696 286 1755 Christe,
302 1712 344 1744 rex
359 1712 454 1762 regum,
470 1695 551 1744 releva
566 1706 668 1745 tuorum

183 1767 264 1816 Corda
280 1783 416 1827 servorum,
432 1767 519 1816 famuli
535 1778 660 1816 recensent

181 1840 250 1888 Festa
267 1839 310 1905 qui
325 1839 408 1888 Mauri
423 1838 469 1887 tibi
485 1849 658 1904 concrepantes

230 1910 364 1970 Laudibus
380 1910 479 1969 himnis,

183 2065 242 2129 Qui,
258 2077 311 2114 tuas
327 2081 396 2114 aures
412 2080 484 2132 prece
499 2064 649 2131 iugibusque

181 2137 297 2186 Lacrimis
313 2137 420 2204 pulsans,
436 2137 532 2202 positus
550 2136 595 2185 sub
611 2146 682 2184 antro

180 2208 271 2274 Angeli
286 2209 385 2258 vultum
400 2208 489 2258 meruit
504 2207 589 2257 videre

230 2279 298 2329 Talia
313 2279 422 2330 fantem:

182 2435 301 2494 «Maure,
318 2435 446 2502 prospexit
462 2445 504 2483 tua
519 2445 580 2483 vota
597 2433 717 2493 Christus,

182 2507 285 2556 Mandat
301 2518 329 2555 ut
345 2509 452 2557 Romam
467 2506 543 2555 cicius
561 2506 661 2565 revisas,

143 2648 164 2691 67
176 2648 258 2683 favebant
268 2649 287 2683 P.
348 2648 369 2692 69
380 2659 451 2682 eausam
462 2648 481 2682 P.
547 2658 567 2691 γι
586 2653 683 2691 martyrum
700 2647 719 2681 P.
786 2656 807 2690 77
825 2647 858 2681 hec
874 2648 893 2682 P,

109 2708 129 2740 79
141 2696 213 2731 himano
223 2697 242 2731 P.
315 2699 336 2729 8ο
347 2707 397 2731 roma
407 2697 426 2730 P.
475 2698 495 2730 81
504 2697 560 2740 prima
574 2694 628 2730 littera
642 2696 659 2729 in
673 2705 707 2729 ras.
727 2696 748 2729 R.
802 2694 860 2730 revela
875 2696 894 2730 P.

109 2748 129 2778 82
138 2751 230 2779 reconsent
241 2744 260 2778 P.
309 2747 330 2785 84
341 2743 410 2788 hymnis
421 2744 440 2777 P.
