2068 3216
489 197 609 230 arastum
624 182 636 229 I

207 328 292 376 Caesar
308 342 380 392 agros
397 338 420 375 et
430 341 496 392 ‘opes
512 338 536 375 et
552 326 610 374 clari
626 326 724 375 culmen
740 324 850 384 honoris,

254 400 298 448 Par
314 397 378 446 foret
393 397 481 447 illustri
497 397 597 446 cuilibet
612 409 648 458 ut,
664 396 758 446 tribuit.

207 470 274 533 Quid
290 470 388 519 Flaccus
404 468 519 518 libertino
536 470 647 535 genitore
663 481 772 518 creatus:

253 541 323 592 Num
338 557 379 590 rus
395 540 515 607 irriguum
532 541 663 590 Bandusio.
673 541 762 589 meruit
778 540 803 588 ?¹

205 613 286 679 Algor
299 613 326 661 in
341 613 389 662 hoc
404 612 499 672 hiemis,
515 613 565 672 nix,
582 613 686 672 flamma,
703 611 805 679 grando,
821 612 916 677 pruina,
933 631 951 664 55

253 685 366 734 Autunni
379 684 493 750 gravitas,
505 684 584 750 frigus
598 685 678 733 adhuc
691 683 802 743 dubium,

205 756 278 805 Fiunt
293 768 368 824 epoto
385 756 549 805 tolerabiliora
565 757 684 805 Falerno:

255 826 367 877 Mecenas
385 828 494 895 queritur
509 827 566 876 urbs
584 828 641 893 quia
657 827 792 886 deseritur;

206 900 288 958 Brute,
304 911 360 948 tuus
375 899 424 947 fuit
439 899 479 948 hic
495 899 563 948 civili
578 899 646 948 clade
661 898 782 958 tribunus,

256 971 337 1033 Quam
353 987 460 1019 renovas·
471 970 529 1019 fuso
546 972 663 1037 sanguine
681 971 804 1019 Caesareo

206 1042 238 1090 Et
253 1042 389 1091 libertatem
404 1043 521 1091 meruisse
538 1042 664 1091 Terentius
681 1042 750 1101 Afer,

255 1114 337 1181 Scipio
355 1130 429 1180 quem
443 1115 529 1180 caepit,
546 1113 636 1163 dicitur
651 1131 664 1162 a
680 1114 792 1180 populo:

207 1186 299 1234 Eximit
314 1185 380 1234 hunc
395 1185 463 1234 nodo
478 1186 599 1252 praeclara
616 1186 715 1235 scientia
730 1185 804 1251 turpi,

253 1259 381 1323 Perpetuat
396 1256 461 1305 fama
476 1257 609 1306 nobilitans
625 1256 722 1306 celebri.

206 1328 240 1377 Te
256 1329 342 1394 genuit
359 1329 451 1387 Sulmo,
468 1329 552 1395 lingua
567 1329 733 1395 promtissime
749 1330 826 1387 Naso,

254 1401 323 1463 Quae
338 1413 363 1449 te
378 1400 529 1466 principibus
545 1401 624 1449 iunxit
640 1400 757 1459 amicicia,

206 1472 272 1520 Haec
288 1471 373 1521 eadem
388 1488 490 1537 magnae
506 1472 602 1521 dotavit
618 1472 724 1537 coniuge
741 1472 829 1538 stirpis,

252 1544 320 1591 Dote
335 1543 470 1609 pudiciciae
487 1560 548 1609 quae
564 1544 609 1592 tibi
625 1559 679 1592 cara
693 1542 758 1603 fuit3

205 1615 299 1663 Extulit
314 1616 407 1681 ingenii
423 1615 480 1663 clari
496 1627 520 1663 te
537 1617 615 1663 Roma
630 1615 724 1674 favore,

253 1687 363 1752 Linguae
378 1686 474 1735 libertas
490 1687 633 1754 praecipitat
648 1687 739 1745 nimia;

205 1758 286 1806 Exilio
302 1759 464 1825 pulsus‚-n0n
480 1776 504 1807 es
522 1758 622 1807 demum
638 1770 773 1817 revocatus,

253 1830 344 1895 Arguis
361 1829 418 1878 inde
433 1841 505 1878 tuum
520 1847 566 1878 nec
582 1830 656 1878 semel
671 1830 815 1895 ingenium;

206 1900 309 1949 Caucius
325 1917 435 1949 ornasses
452 1901 553 1950 hederae
570 1903 590 1949 si
606 1913 717 1969 tempora
732 1900 829 1959 fronde,

253 1974 313 2022 Non
329 1990 392 2022 esses
409 1973 498 2021 Getico
515 1973 666 2039 compositus
683 1973 788 2021 tumulo,

204 2043 319 2109 Denique
334 2061 395 2092 num
410 2044 471 2093 civis
489 2046 574 2093 Cicero
590 2044 638 2093 fuit
653 2043 751 2092 infimus
767 2043 834 2092 urbis
852 2044 863 2092 ?

253 2117 332 2182 Lepos
349 2116 435 2181 irrigui
450 2117 491 2164 cui
507 2116 574 2165 dedit
590 2116 683 2181 eloquii

206 2187 298 2235 Consul
314 2188 351 2235 uti
366 2188 443 2235 clarus
460 2187 528 2236 fieret
542 2188 683 2255 patriaeque
697 2199 824 2253 patronus,

254 2260 359 2307 Romam
374 2259 417 2324 qui
434 2275 493 2308 sevo
508 2258 595 2307 liberat
611 2259 714 2308 excidio.

205 2330 290 2379 Livius
307 2346 337 2378 an
353 2329 417 2378 fama
432 2347 484 2378 non
500 2342 537 2379 est
551 2342 683 2397 provectus
700 2331 783 2397 opima
799 2330 810 2377 ?

254 2401 302 2450 Eoi
317 2402 420 2450 Veniunt
435 2402 514 2451 visere
531 2418 605 2469 quem
619 2417 731 2469 proceres
743 2420 749 2460 ;

206 2473 284 2539 Seque
299 2473 383 2522 videre
400 2473 485 2522 Titum
500 2490 552 2521 non
568 2475 674 2523 Romam
688 2473 752 2522 velle
767 2472 881 2531 fatentur,

254 2544 328 2593 Cuius
346 2545 431 2593 Titoni
446 2561 520 2611 regna
536 2545 643 2612 replebat
659 2561 735 2593 amor.

171 2674 191 2707 54
202 2664 304 2698 Blandusiae
317 2662 347 2697 Cn.
402 2674 420 2706 55
434 2663 504 2697 flamma
512 2666 529 2697 in
537 2675 576 2705 ras„
584 2676 622 2698 corr.
632 2675 653 2697 ax
662 2663 719 2705 flama,
729 2675 747 2697 m
755 2670 833 2706 saprascr.
843 2662 865 2697 al.
875 2673 916 2697 man.

135 2714 155 2755 58
168 2712 274 2756 (qulesritur)
284 2713 300 2744 in
309 2722 348 2753 ras„
358 2723 396 2745 corr.
409 2723 430 2744 ex
439 2712 532 2754 quaeritur.
581 2723 599 2755 75
613 2711 778 2755 (denique)...(num)
790 2722 822 2744 ras.
