2068 3216
392 221 426 255 un
442 216 647 254 lreuonrmrrnus
663 206 708 254 IX.
729 223 738 253 1

211 348 318 407 Lucrini,
334 348 403 396 celsis
421 347 546 396 structuris
562 358 586 396 et
602 348 714 414 spatiosis

261 418 332 467 Tunc
346 419 455 485 primum
471 418 541 486 septi,
556 420 686 486 praestruit
701 434 744 469 ora
760 420 833 479 lacus,

212 489 301 539 Ostrea
316 506 421 556 namque
437 491 487 539 suis
503 490 591 539 inferre
607 492 711 540 recentia
727 492 816 541 mensis

259 561 376 621 Ardebat,
392 562 488 629 placans
504 562 546 611 illa
561 562 673 611 vorando
689 562 779 629 gulam.

212 633 309 699 Esopus
325 644 384 682 nato
399 633 546 700 patrimonia
561 634 626 700 larga
642 634 749 700 reliquit,

261 704 403 772 Sumptibus
418 705 521 754 assiduis
538 722 599 771 quae
615 705 666 754 cito
682 706 809 766 deminuit,

212 776 278 826 Unio
295 776 395 844 quippe,
411 776 483 826 acido
497 791 612 844 persaepe
627 777 733 843 liquatus
749 790 826 838 aceto,

258 848 370 916 Aspersit
384 859 459 916 potus
474 848 540 897 illius
555 849 669 915 irriguos.

212 920 297 969 Obicis
314 919 460 969 Himneticis
477 921 563 969 Crasso
579 920 677 970 fulcisse
692 920 830 989 columpnis

259 991 335 1042 Aedis
351 991 493 1058 magnificae
509 992 666 1052 vestibulum,
683 992 791 1042 Domici.

212 1063 302 1113 Tendis
318 1063 350 1112 ad
366 1064 489 1132 Hispanos
506 1063 567 1113 dum
581 1065 668 1113 consul
684 1074 757 1123 sorte,
774 1064 881 1124 Metelle,

260 1136 350 1195 Thure,
366 1135 489 1202 vaporatis
505 1136 621 1202 exciperis
638 1135 759 1203 tripodis;
921 1196 922 1199 Ἴ

212 1207 310 1257 Gaudes
327 1207 444 1274 hospitio,
460 1205 565 1273 fulgenti
581 1207 672 1256 murice
689 1218 764 1256 strato
922 1216 981 1262 f.92v

259 1280 329 1328 Dum
344 1278 413 1338 nitet,
429 1278 504 1327 auleis
521 1278 581 1327 dum
595 1279 657 1328 nitet
672 1278 792 1339 Attalicis,

213 1349 311 1399 Gaudes
328 1362 352 1398 et
367 1350 431 1399 ludis
447 1350 510 1399 inter
525 1350 641 1400 convivia
656 1350 727 1410 lauta,

260 1423 368 1487 Potaque
384 1421 488 1471 dissolvi
503 1421 591 1471 risibus
608 1437 651 1471 ora
666 1422 741 1481 iuvat,

211 1493 284 1560 Aque
299 1494 405 1542 lacunari
421 1493 467 1542 tibi
483 1493 544 1543 dum
559 1493 662 1542 demissa
677 1509 769 1542 corona

261 1566 312 1615 Ceu
327 1565 428 1614 caeleste
444 1576 517 1632 caput
532 1562 603 1613 aurea
618 1576 670 1613 tota
686 1565 764 1631 tegit3

212 1637 272 1687 Non
287 1636 354 1705 apud
368 1636 454 1686 Ionios
471 1648 495 1685 et
510 1653 563 1685 non
577 1635 644 1704 aliud
659 1636 707 1685 hoc
723 1636 837 1696 Asianos,

261 1709 377 1772 Quorum
391 1708 497 1757 luxuries
514 1707 620 1757 marcida
635 1708 710 1757 corda
726 1707 818 1768 domat,

213 1779 260 1829 Sed
276 1780 310 1829 fit
319 1780 346 1828 in
361 1779 482 1829 horrenda
498 1797 540 1829 seu
556 1779 642 1828 bellaci
657 1780 765 1845 regione,

261 1852 360 1911 Sertori,
378 1867 452 1919 quam
466 1862 523 1900 trux
538 1849 616 1900 hostis
632 1851 658 1899 in
673 1867 739 1899 arma
755 1867 849 1900 moves.

211 1923 297 1972 Donat
312 1934 445 1990 nuptarum
460 1939 503 1971 seu
518 1922 641 1971 nobilium
654 1936 789 1989 puerorum

248 1994 384 2044 ¹Iudicibus
401 2005 493 2054 noctes,
509 2005 538 2043 ut
553 1993 646 2043 facinus
662 1994 772 2053 redimat,

212 2066 343 2133 Comparat
358 2065 401 2114 has
418 2066 502 2125 multa,
519 2066 587 2114 dives
602 2065 681 2114 fuerat
697 2065 762 2132 quia,
779 2081 873 2114 summa

260 2137 370 2197 Clodius,
386 2138 491 2186 incestus
506 2136 584 2186 factus
601 2148 625 2186 et
640 2137 696 2186 inde
712 2153 783 2186 reus:

211 2211 241 2258 ln
256 2220 281 2258 te
297 2209 366 2275 quod
382 2209 523 2276 dampnant,
539 2209 629 2258 audent
644 2207 804 2268 connnittere,
822 2208 902 2267 Clodi,

261 2280 338 2344 Quod
353 2281 440 2348 punire
455 2280 522 2329 nefas
539 2281 699 2340 constituunt,
715 2279 742 2328 id
757 2291 841 2345 agunt.

212 2353 302 2419 Captus
319 2352 448 2401 Orestillae
465 2352 567 2401 Catilina
582 2363 695 2400 cruentus
711 2367 802 2411 amore,

261 2424 321 2487 Quo
335 2424 448 2490 pociatur
464 2441 498 2483 ea,
515 2439 576 2489 quae
591 2423 670 2472 fuerat
685 2422 768 2482 vidua,

212 2495 341 2561 Extinguit
356 2507 441 2544 natum
456 2506 512 2543 trux
526 2493 645 2562 parricida
660 2510 765 2553 veneno

261 2568 344 2630 Quem
359 2578 468 2616 metuens
484 2567 548 2633 patri
562 2565 654 2615 nubere
669 2566 798 2625 noluerat;

176 2685 274 2721 16d0mici:
287 2687 340 2729 orig.
349 2696 379 2720 vor.
388 2692 467 2730 suprascr.
493 2684 722 2729 17hispan0srhsuprascr.
736 2691 814 2728 32actus
835 2695 854 2728 33
867 2683 921 2719 clodi:
942 2724 943 2727 Ἴ

140 2745 152 2768 ο
162 2736 192 2778 rig.
201 2745 232 2768 voc.
241 2740 319 2778 suprascr.
