2068 3216
237 161 286 222 276

501 249 618 284 austum
641 235 678 284 Π]

235 374 324 425 Affecit
340 387 447 425 mentem
462 392 507 425 nec
521 376 673 442 perturbatio
689 378 761 443 regis,

283 447 379 497 Vivunt
394 447 516 496 mesticiae
532 447 601 514 signa
616 465 661 497 nec
676 448 702 496 in
717 447 783 497 fatie.

234 517 269 567 At
285 518 364 578 Titus,
380 518 486 568 Ausonii
502 535 586 568 currus
602 520 686 586 auriga
702 536 807 580 serenus,

283 589 358 639 Orbis
374 607 443 639 amor
459 590 508 639 dici
524 591 566 657 qui
582 592 670 640 merito
686 592 776 657 potuit,

235 662 316 711 Paruit
332 663 439 712 Occasus
454 663 588 728 praeceptis
604 663 672 712 cuius
686 675 713 712 ‘et
729 666 814 723 Ortus,

283 734 334 798 Qui
349 745 388 783 tot
403 734 541 799 conspicuis
557 735 635 783 clarus
651 746 702 784 erat
717 735 834 802 tropheis,

235 805 335 872 Quique
350 805 391 855 die
406 805 512 871 quadam
526 822 621 855 rnerens
637 823 662 856 se
677 806 713 855 nil
729 806 850 867 tribuisse,

282 876 376 937 Intulit,
392 877 516 926 infernum
531 878 583 926 sole
598 890 695 944 petente
711 879 792 937 chaos,

235 950 321 998 «Ecce
337 948 404 998 diem
419 949 479 1008 kari,
496 949 539 1015 qui
553 950 604 998 iam
617 949 716 1009 finitur,
725 951 805 1010 amici,

282 1019 450 1071 Perdidimus:
467 1021 529 1070 nulli
544 1020 653 1070 munifici
668 1021 760 1070 fuimus
769 1040 801 1081 »;

234 1093 282 1141 Iste
298 1104 439 1141 senatorum
452 1103 588 1160 prostratus
604 1107 680 1159 paene
696 1093 803 1142 duorum

281 1163 388 1224 insidiis,
405 1180 463 1213 sevo
480 1163 608 1213 succubuit
623 1164 723 1230 gladio;

234 1235 279 1284 His
296 1236 360 1284 bona
376 1235 496 1285 convictis
513 1237 589 1285 scelus
606 1248 630 1284 et
644 1236 745 1302 capitale
762 1237 862 1296 remisit,

283 1307 418 1373 Obstupuit
434 1307 503 1356 miles
520 1307 631 1374 ordoque
646 1306 785 1367 nobilium;

234 1378 355 1427 Cernendi
370 1396 441 1427 causa
456 1379 562 1428 residens
580 1379 715 1445 spectacula
731 1397 801 1428 scena

283 1449 397 1499 Conferta
413 1451 496 1499 multis
512 1462 597 1517 postea
613 1451 759 1511 Romulidis,

234 1522 327 1570 Evocat
343 1522 445 1571 infestos
462 1539 593 1588 secumque
609 1522 691 1571 sedere
706 1523 797 1588 coegit,

281 1594 367 1659 Regali
382 1593 459 1642 turbis
475 1594 621 1659 conspicuos
638 1594 719 1653 soli0;

232 1664 369 1731 Afferrique
386 1665 432 1714 sibi
448 1666 628 1714 mirmillonum
641 1665 709 1714 iubet
725 1681 800 1725 arma,

282 1737 414 1804 Explorare
429 1748 509 1785 truces
524 1737 641 1804 praecipit
656 1736 694 1785 his
711 1738 790 1787 acies:

233 1808 358 1857 Erubuere
373 1808 422 1858 viri
438 1808 468 1857 de
484 1808 668 1857 mansuetudine
685 1809 757 1874 regis,

280 1881 305 1929 A
321 1896 371 1945 quo
386 1880 469 1945 puniri
483 1880 613 1947 promeriti
627 1879 730 1929 fuerant.

232 1951 292 2000 Non
309 1951 342 2000 sic
357 1951 507 2011 Aethiocles,
523 1966 575 2000 non
590 1950 663 2000 frater
678 1951 729 2016 agit
745 1951 864 2000 Polinices

280 2023 387 2072 Alternis
404 2024 447 2088 qui
463 2040 488 2071 se
504 2022 651 2072 confodiunt
666 2022 770 2088 gladiis;

232 2094 346 2160 Denique
362 2095 392 2143 de
408 2095 489 2160 regnis
506 2095 565 2143 odio
582 2111 709 2143 succensus
725 2111 739 2142 a
757 2094 805 2153 itis,

279 2166 350 2214 Alter
364 2166 390 2214 in
406 2167 508 2214 exitium
522 2166 619 2232 proruit
633 2166 748 2224 alterius;

232 2237 298 2285 Hinc
314 2254 383 2286 socer
397 2237 506 2303 Argivos
522 2237 640 2286 Adrastus
650 2237 718 2302 cogit
734 2237 760 2284 in
775 2252 849 2295 arma,

280 2308 413 2376 Multiplici
427 2309 503 2358 fretus
519 2309 610 2357 auxilio
625 2323 763 2374 procerum,

232 2380 372 2446 Congregat
388 2398 401 2428 e
416 2392 468 2429 rota
484 2381 628 2429 Danaorum
643 2391 716 2446 gente
732 2390 838 2428 catervas

280 2454 314 2501 Ut
330 2468 420 2517 genero
436 2452 543 2519 patrium
558 2451 666 2500 vindicet
681 2451 829 2516 imperium;

232 2523 344 2572 Curritur
358 2524 389 2572 ad
405 2523 509 2583 Thebas,
525 2539 603 2590 prope
618 2523 715 2572 moenia
730 2533 805 2571 castra
820 2523 939 2581 locantur,

279 2595 363 2643 Duros
379 2611 524 2660 congressus
542 2612 610 2643 saxea
626 2612 677 2642 non
693 2595 762 2643 timer
778 2593 844 2652 urbS,

196 2771 225 2804 291
240 2760 403 2805 (congregat).....(e)
415 2771 447 2794 ras.
