2068 3216
264 266 265 269 ¹
302 246 347 300 os
364 264 571 300 Mnuoansruraus
589 250 668 311 III.7
721 256 723 259 ’
811 195 842 243 79

188 387 307 443 Obtinet:
324 393 390 441 hunc
406 392 486 441 Carbo
502 403 574 441 vexat
590 391 681 440 habens
697 393 766 453 odio,

135 465 204 514 lilius
220 464 293 513 exilio
309 474 403 531 patrem
418 463 560 531 dampnarar
575 479 666 522 amaro,

183 535 225 585 Ad
242 531 387 603 speculanda
401 535 475 603 probi
490 535 569 585 tendit
585 535 626 584 hic
640 541 693 584 acta
708 535 773 596 viri;

136 608 202 657 Fecit
218 608 317 657 Crassus
334 624 392 656 eum
407 622 502 674 semper
517 607 650 656 consistere
666 623 757 667 secum,

185 681 286 729 Exercet
301 679 398 727 nullum
414 695 466 746 quo
481 678 533 728 sine
548 678 681 738 iuditium;

136 753 196 802 Non
211 750 289 801 valuit
305 750 385 800 Carbo
401 745 522 799 maculam
538 749 679 816 confingere
695 751 790 810 Crasso,

184 824 258 872 Hunc
273 821 444 871 animadvertit
460 839 512 871 esse
528 822 597 889 quod
613 838 664 871 esse
680 822 748 871 velit.

136 896 213 960 Urget
228 894 347 943 maiorem
363 894 423 943 dum
437 893 536 961 publica
552 910 623 942 causa
639 894 766 953 Catonem,

183 966 260 1021 Iudex
275 977 303 1014 ut
320 964 430 1015 Grachus
447 965 479 1014 sit
494 965 556 1032 petit
571 965 623 1033 ipse
640 982 714 1015 suus:

136 1037 265 1087 Haecfuit
280 1038 380 1086 illustris
396 1036 482 1085 fidutia
499 1053 593 1085 summa
610 1037 718 1096 Catonis,

184 1109 269 1158 Hostis
287 1109 329 1176 qui
344 1108 439 1176 proprii
454 1108 570 1157 iuditium
586 1108 668 1158 subiit.

136 1181 230 1241 Scaure,
246 1180 286 1235 vir
300 1180 408 1240 illustris,
425 1181 513 1230 Varius
529 1191 553 1229 te
568 1180 717 1247 proditionis

183 1252 296 1311 Accusat,
314 1252 416 1319 sumptis
433 1269 446 1300 a
463 1251 588 1301 Mitridate
605 1251 675 1312 datis,

135 1323 170 1372 At
185 1335 213 1372 tu
228 1324 370 1390 respondes,
387 1338 505 1390 «precor,
521 1341 538 1372 o
554 1322 637 1372 audite
653 1324 771 1386 Quirites,

184 1394 314 1462 Numquid
329 1412 381 1444 non
397 1395 458 1444 civis
474 1396 544 1445 istius
560 1395 627 1445 urbis
644 1412 691 1461 ego
708 1395 720 1443 ?

135 1466 273 1518 Vobiscum
288 1467 346 1527 vixi,
363 1484 409 1516 vos
426 1479 493 1533 gesta
510 1466 610 1533 quidem
626 1483 679 1516 mea
695 1467 781 1527 nostis,

184 1540 251 1588 Haec
267 1539 416 1588 Veronensis
432 1539 498 1588 unde
514 1539 573 1588 sciat
588 1539 677 1587 Varius
694 1539 705 1587 Ρ

136 1610 183 1660 Cui
197 1610 281 1676 potius
297 1621 410 1659 nostrum
426 1611 457 1659 sit
473 1609 569 1660 credere
585 1609 659 1659 dicite
675 1609 780 1676 dignum
795 1610 829 1659 ?»

184 1681 254 1732 Favit
269 1683 292 1731 ei
306 1682 422 1750 populus,
439 1682 558 1731 conticuit
574 1682 669 1731 Varius.

135 1754 205 1803 Dum
220 1764 305 1802 contra
321 1754 417 1803 Pirrum
432 1763 526 1819 gereret
542 1770 579 1803 res
595 1753 693 1821 publica
709 1752 809 1813 beilum,

184 1826 266 1875 Naves
283 1825 405 1892 Carthago
421 1825 506 1891 dirigit
521 1825 629 1884 auxiiio;

136 1896 216 1946 Mittit
231 1896 274 1964 qui
290 1896 393 1946 ducibus
409 1895 471 1946 ferat
486 1896 545 1946 haec
560 1912 676 1962 responsa
693 1908 788 1945 senatus

184 1968 296 2018 Navibus
312 1968 423 2017 abductis
440 1984 502 2037 quae
517 1968 622 2017 referant
638 1968 718 2017 sociis:

136 2041 261 2089 Romanos
278 2039 341 2088 solas
359 2040 445 2089 solitos
462 2055 583 2090 assumere
598 2054 702 2106 pugnas,

184 2111 281 2161 Possint
298 2127 356 2177 quas
372 2111 475 2178 proprio
491 2111 569 2160 milite
584 2110 707 2178 perficere.

138 2182 244 2245 Quando
259 2194 389 2249 poetarum
404 2183 509 2249 collegia
525 2183 611 2232 Caesar
626 2182 716 2242 adibat,

184 2255 245 2304 Non
260 2253 401 2320 assurgebat
416 2254 507 2303 Accius
523 2271 586 2303 unus
601 2254 642 2303 ei:

136 2327 190 2375 Nec
204 2324 280 2374 fastus
297 2342 375 2385 causa,
392 2326 486 2375 ratione
495 2326 545 2390 ¹sed
561 2326 609 2375 hoc
624 2325 732 2386 satiebat,

184 2397 293 2463 Dignior
307 2408 343 2446 est
359 2397 450 2446 etenim
464 2398 544 2446 littera
559 2397 662 2457 militia;

136 2469 197 2518 Non
211 2480 236 2517 te
250 2469 383 2535 permovit,
401 2470 494 2528 Caesar,
511 2469 603 2518 factum
620 2469 682 2517 senis
699 2468 777 2528 Accii,
832 2469 834 2472 ⁴

184 2541 265 2589 Noras
281 2539 330 2588 hoe
345 2540 428 2588 animo
445 2557 497 2588 non
511 2540 565 2589 fieri
581 2540 686 2589 tumido.

137 2610 266 2676 Euripides
282 2611 365 2660 triduo
381 2612 424 2660 vix
439 2623 487 2660 tres
502 2620 587 2661 versus
604 2611 662 2660 facit
677 2628 737 2671 uno,

100 2730 121 2765 68
134 2729 295 2773 (habens)....(0dio)
312 2741 343 2764 ras.
418 2742 438 2772 7¹
456 2730 525 2764 classus.
596 2742 616 2774 73
634 2730 676 2764 class
692 2756 696 2764 .
768 2742 787 2774 95
810 2729 847 2774 (fa).

65 2778 159 2822 (stus)ras'.
211 2792 212 2796 ¹
428 2783 429 2786 ’
856 2797 857 2800 =

861 556 884 589 70

861 1264 883 1295 80

862 1623 881 1663 85

861 1988 883 2021 90

861 2347 881 2380 95
