2068 3216
332 185 367 218 DE
383 184 590 218 amnonnaarmos
607 171 625 219 I.
645 188 657 218 2

138 312 237 361 Obvius
254 324 290 360 est
306 324 374 360 natae
392 328 452 378 quae
468 312 546 360 fertur
562 312 647 361 Tereia
664 313 743 364 dieta:

187 385 254 432 Haec
263 384 389 432 lacrimans
399 383 460 442 infit,
473 402 486 431 «
496 385 575 442 Persa
584 397 660 451 pater,
670 386 765 452 periit»
776 405 783 445 ;

138 456 269 505 Occiderat
285 472 353 504 carus
370 455 417 503 sibi
433 456 512 504 dictus
529 457 600 504 Persa
616 458 724 516 catellus,

187 527 258 576 Unde
274 539 343 592 pater
359 539 452 575 certum
468 528 569 594 corripit
585 528 728 593 auspicium.

137 599 238 647 incendi
254 601 347 647 Romae
364 599 424 647 dum
440 599 534 647 caelum
551 600 657 649 cernitur
672 600 737 665 igne,

186 671 259 719 Miles
274 683 343 736 peste
359 671 430 729 cadit,
448 671 534 719 consul
550 683 652 738 uterque
668 673 738 737 perit,

138 743 227 791 Sternit
243 742 316 791 foeda
332 743 383 790 lues
400 742 509 791 tumidos
527 759 584 790 cum
599 743 670 807 plebe
687 744 804 805 Quirites,

186 814 250 863 Exul
266 813 330 863 bella
345 814 415 879 gerit,
433 831 516 863 servus
533 816 559 863 in
575 831 640 862 arma
656 816 712 863 ruit.
851 827 888 862 ts

137 887 213 934 Ortus
230 884 363 935 Alexandri
379 886 454 951 signis
470 885 626 951 portenditur
641 886 704 945 istis,

185 959 245 1007 Non
260 957 335 1005 falsos
351 957 443 1024 lapides
461 975 530 1007 saxea
546 958 639 1023 grando
656 958 727 1023 pluit,

136 1029 251 1078 Vindicat
267 1041 291 1077 et
307 1045 422 1094 magnam
437 1045 488 1077 nox
502 1041 597 1095 partem
611 1041 673 1077 tetra
690 1030 746 1088 diei,

185 1100 282 1152 Cinthia
297 1101 417 1149 fraternos
434 1102 557 1149 occulerat
572 1101 669 1159 radios;

135 1173 255 1221 Nubibus
267 1172 341 1221 allisis
358 1173 492 1221 flabrorum
508 1188 632 1221 murmure
648 1185 727 1232 vasto,

184 1245 249 1293 Aera
264 1261 308 1311 per
323 1243 425 1293 furvum
439 1245 538 1310 fulgura
555 1244 637 1293 erebra
654 1244 759 1303 cadunt;

137 1316 230 1364 Territa
246 1317 390 1364 concutiunt
405 1316 511 1365 tonitrus
528 1316 646 1364 elementa
661 1317 762 1381 fragosi,

183 1390 256 1454 ignes
272 1388 377 1435 aetherei
394 1387 536 1437 dissiliendo
553 1388 651 1438 micant.

136 1459 218 1508 Tellus
235 1460 367 1518 intremuit,
385 1461 496 1508 Lucanos
512 1460 589 1508 multa
606 1459 692 1508 cecidit
705 1482 709 1494 ¹>

186 1531 294 1597 Spongia
311 1547 372 1597 quae
387 1530 481 1579 ferrum
495 1531 632 1596 prodigiale
647 1530 710 1579 fuit:

134 1602 245 1651 Assensit
260 1602 374 1668 pluvium
390 1602 499 1651 caelestia
514 1602 615 1651 vulnera
631 1602 723 1655 ferrum

184 1674 315 1737 Quaesitus
333 1691 420 1739 sagum
435 1674 522 1722 doctus
538 1675 703 1739 aruspicium:

135 1747 214 1795 Crassi
231 1746 331 1794 militiae
347 1745 438 1794 Lucani
455 1762 542 1811 magna
558 1744 626 1794 fuere

183 1817 267 1866 Portio
284 1833 347 1883 quos
364 1817 444 1866 Parthi
461 1816 609 1866 confodiunt
625 1818 716 1866 iaculis.
737 1841 739 1845 ·

135 1891 218 1938 Mures
235 1900 259 1937 et
275 1904 343 1937 ranas
359 1889 483 1955 pepulisse
498 1888 581 1939 ferunt
597 1888 722 1948 Abientas,

182 1960 310 2009 Audacem
324 1961 454 2026 populum,
472 1960 570 2009 sedibus
587 1977 600 2008 e
615 1960 708 2025 patriis,

135 2032 279 2081 Thessalicis
296 2043 399 2080 statuere
414 2032 474 2080 lares
492 2033 535 2097 qui
551 2047 643 2096 ponere
659 2031 758 2096 campis,

183 2104 260 2166 Quod
276 2103 327 2151 dux
343 2103 484 2162 Cassander,
501 2103 562 2151 dum
577 2103 655 2161 timet,
672 2102 737 2156 haud
753 2102 839 2154 vetuit.

133 2175 256 2224 Intravere
272 2175 325 2240 lupi
340 2186 388 2223 tres
405 2174 493 2223 urbem
508 2186 581 2223 nocte
596 2174 704 2225 furentes

182 2246 388 2311 Membratimque
403 2246 460 2294 foro
477 2246 594 2295 dilaniant
611 2245 694 2297 medio

134 2318 260 2366 Semesum
276 2318 345 2383 quod
361 2317 497 2366 detulerant
514 2335 527 2365 e
543 2333 599 2365 rure
615 2316 724 2367 cadaver.

181 2389 248 2455 Ignis
266 2389 296 2437 de
312 2389 379 2437 caelo
396 2390 493 2437 moenia
509 2388 635 2453 corripuit.

132 2463 221 2509 Vastus
238 2461 318 2511 hiatus
334 2461 387 2525 agri
403 2461 501 2508 reclusit
517 2477 586 2509 caeca
603 2460 693 2518 Caleni,

182 2534 298 2580 Eructans
315 2533 384 2597 ignes
401 2532 477 2597 opido
494 2531 621 2590 terribiles,

96 2661 126 2694 103
138 2658 164 2684 est
175 2657 253 2693 suprarm
304 2661 334 2693 109
347 2649 437 2693 (ster)n<lt)
449 2652 477 2684 vix
488 2649 518 2693 legi
525 2655 584 2693 potest.
616 2651 715 2692 115-1241'11
726 2661 758 2683 ras,
770 2648 791 2683 al.
803 2659 844 2684 anan.

61 2709 92 2742 130
105 2697 179 2740 (fo).(ro)
188 2709 220 2732 ras.
