2068 3216
119 117 165 160 108

298 199 333 233 DE
349 198 557 232 Mauoramcraus
573 183 616 231 IV.
635 201 649 246 7

117 328 164 376 Hic
180 344 193 375 a
210 338 234 375 te
249 326 327 375 factus
343 325 422 374 fuerat
438 325 469 374 de
484 340 590 392 paupere
607 342 719 391 magnus,

165 399 216 461 Qui
232 398 314 464 primo
331 397 422 462 refugit
436 396 481 445 'sed
496 412 568 464 prece
584 397 664 446 victus
681 399 747 463 agit;
831 410 844 445 f.
856 421 878 453 47

117 470 165 520 Hic
181 487 224 518 sua
239 480 366 537 postremo
382 469 520 536 penetravit
536 468 629 518 viscera
645 470 703 529 telo,

164 542 225 590 Iecit
241 551 265 590 et
280 540 422 589 unanimem
438 557 463 589 se
480 556 553 607 super
569 541 711 590 exanimem.

117 612 242 662 Evitando
258 623 327 660 tuam
342 613 432 660 Brutus
450 611 548 661 Mutina
563 611 629 678 fugit
645 612 714 673 iram,

165 684 253 744 Atrox,
269 683 373 742 Antoni,
390 683 433 732 sed
449 682 496 732 sibi
511 684 547 732 nil
562 685 648 744 valuit,

117 757 218 805 Clausus
236 756 350 822 spelunca
365 755 436 803 latuit
452 755 556 821 caligine
572 772 649 815 caeca,

165 829 213 877 Pro
230 844 289 894 quo,
307 826 430 886 Terrenci,
446 827 565 876 maiueras
581 827 686 894 perimi;

116 900 187 948 Dum
202 899 308 964 vestigat
324 914 382 946 eum
393 898 489 958 Furius,
506 910 530 947 te
546 899 628 965 inquis
640 898 694 948 fore
711 901 831 950 Brutum:

166 971 287 1037 Cognitus
304 969 395 1028 evadiS,
411 970 524 1037 proditus
540 969 581 1019 iile
596 971 667 1038 perit.

117 1042 186 1091 Vixit
201 1042 325 1091 amiciciae
341 1052 423 1091 custos
441 1058 515 1108 quam
530 1041 612 1090 Leiius
629 1053 701 1102 artae,

166 1114 239 1163 Plene
256 1130 317 1180 quae
332 1113 412 1180 possit
427 1114 511 1162 nescio
527 1113 594 1179 linga
609 1113 688 1180 ioqui,

117 1187 171 1235 Nec
187 1185 270 1234 minor
284 1184 410 1252 Agrippae
427 1184 535 1244 dilectio,
552 1200 627 1252 quam
642 1185 757 1235 cohibere

166 1258 220 1306 Nec
236 1268 290 1306 rota
304 1255 418 1305 fortunae
434 1273 479 1305 nec
494 1257 592 1305 valuere
609 1258 696 1306 minae.

117 1329 197 1378 Phitia
213 1329 358 1394 Phitagorae
374 1328 442 1377 docti
458 1329 608 1395 Damonque
623 1329 699 1389 fuere,

167 1401 234 1449 Miro
250 1400 338 1448 conexi
352 1399 452 1448 foedere
468 1399 599 1467 discipuli;

118 1473 203 1521 Unum
218 1488 277 1520 cum
293 1471 387 1521 Siculus
403 1471 478 1520 vellet
493 1472 581 1539 punire
596 1471 714 1532 tirannus,

166 1544 237 1592 Dum
252 1560 295 1592 sua
311 1542 426 1610 disponat
441 1542 470 1593 fit
486 1543 533 1592 sibi
548 1560 591 1592 vas
608 1543 695 1603 sotius,

118 1615 240 1664 Miranmr
256 1616 338 1663 cuncti
354 1615 472 1682 quoniam
488 1615 522 1663 sic
538 1614 641 1664 credidit
655 1615 699 1674 iili,

168 1686 227 1749 Qui,
244 1686 265 1735 si
280 1702 333 1734 non
348 1685 438 1745 redeat,
455 1698 535 1735 morte
551 1686 599 1735 cita
613 1697 696 1754 pereat
704 1705 713 1754 ·;

118 1759 172 1807 Lux
187 1758 269 1806 aderat
284 1758 360 1806 tristis
378 1757 420 1807 sed
436 1774 488 1807 non
503 1758 572 1807 venit
587 1758 628 1807 ille
643 1757 730 1818 fidelis,

166 1831 312 1897 Increpuere
327 1829 417 1879 vadem
432 1845 478 1878 nec
493 1830 564 1878 timet
579 1830 632 1896 ipse
647 1828 730 1890 fidem,

118 1900 153 1950 At
169 1901 264 1949 subitus
280 1901 361 1966 posita
376 1902 445 1950 venit
460 1901 618 1968 perimendus
634 1901 660 1949 in
676 1901 744 1961 hora,

168 1973 305 2040 Obstupuit
321 1972 388 2021 dirus
405 1972 471 2021 unde
486 1972 633 2031 Dionisius3

119 2044 181 2093 Orat
196 2056 224 2092 ut
240 2055 366 2093 aeternum
382 2060 434 2093 sese
450 2044 583 2109 dignentur
599 2045 713 2104 amicum,

168 2117 200 2164 Et
215 2132 275 2164 mox
291 2115 421 2164 dimissum
436 2115 507 2164 iussit
522 2115 588 2165 abire
603 2116 694 2164 virum.

119 2187 212 2236 Thesea
227 2187 367 2236 Pirithoum
382 2187 505 2236 collaudat
521 2188 607 2236 Gretia
622 2188 736 2248 multum,

168 2259 212 2307 Hii
226 2270 354 2326 penetrant
372 2259 471 2324 Stigios‚
487 2271 516 2308 ut
531 2258 647 2320 reiemnt,
664 2260 763 2319 fluvios,

120 2330 167 2379 Sed
182 2330 300 2396 figmenta
315 2331 393 2396 magis
409 2342 515 2398 possunt
531 2347 606 2397 quam
620 2346 679 2380 vera
693 2330 782 2391 videri,

168 2402 253 2450 Gretia
270 2418 331 2469 quae
347 2402 452 2451 mendax
467 2401 564 2451 finxerit
579 2414 607 2451 ut
623 2402 723 2469 reliqua.

80 2714 102 2754 78
114 2712 194 2756 proditus
205 2714 222 2746 in
232 2723 265 2746 rar.
315 2723 334 2755 95
347 2711 455 2755 pirithoum:
467 2712 480 2746 h
491 2718 570 2756 suprascr.
