2068 3216
401 238 485 274 ansero
503 241 526 290 u.
546 238 630 274 unum
661 225 685 273 Π

195 367 275 416 Urbes
294 378 319 416 et
336 367 419 433 plures
438 383 498 433 quas
517 383 591 417 versu
609 366 691 417 dicere
709 383 761 416 non
780 379 825 427 est,

196 439 264 502 Quas
283 438 343 488 haec
360 439 470 488 incendit
487 455 548 505 gens
566 439 634 505 inpia
652 455 696 488 seu
714 439 838 505 spoliavit.

195 512 262 561 Nam
279 521 339 560 tunc
357 511 509 559 Francorum
526 510 605 559 virtus
624 522 737 560 emortua
754 526 842 577 regum
911 532 944 566 445

195 584 257 632 Non
274 593 371 648 poterat
389 583 455 631 vires
474 582 557 648 gladio
575 581 671 631 frenare
688 581 799 642 rebelles,

196 654 259 715 Tota
277 654 394 703 intestino
413 653 475 702 dum
491 653 571 703 fervet
590 653 670 703 Gallia
689 653 764 714 bello‚'

194 726 327 791 Propterea
345 724 424 775 Gallis
442 724 549 774 instabat
567 724 683 775 barbarus
702 724 789 785 hostis,

194 798 291 857 Donec,
311 796 384 845 dante
402 797 468 856 Deo,
487 807 623 862 prostratus
641 813 699 863 rege
717 796 829 846 Rodulfo

195 867 314 918 Submisit
332 868 423 917 nostris
443 885 485 917 sua
503 868 567 917 colla
585 868 727 934 potentibus
747 869 827 918 armis.
909 891 944 925 450

195 940 254 989 Eius
274 939 411 989 barbariem
428 940 490 989 dum
507 939 569 988 vitat
587 939 718 1006 episcopus
737 939 846 1001 hedrem,

194 1012 331 1077 Assumpto
350 1010 435 1077 magni
453 1010 564 1076 pretioso
582 1026 687 1077 corpore
705 1010 787 1060 Mauri

195 1082 272 1145 Quod
282 1082 329 1132 sibi
347 1083 509 1132 commissum
523 1081 626 1150 fulvum
639 1082 750 1132 servabat
767 1094 795 1131 ut
813 1098 909 1142 aurum,

193 1154 301 1220 Aufugit
318 1154 396 1220 patria
414 1156 505 1203 Mauro
523 1154 657 1203 comitante
675 1154 766 1214 relicta,

195 1227 226 1275 Et
243 1225 342 1292 fugiens
360 1241 455 1292 pagum
473 1224 573 1275 devenit
590 1225 622 1275 ad
639 1225 808 1293 Aurelianum,
908 1249 941 1283 455

193 1299 223 1346 In
242 1314 293 1363 quo
312 1296 464 1348 coenobium
481 1296 545 1346 fama
563 1296 683 1346 referente
700 1296 816 1347 locatum.

193 1368 273 1418 Audit
290 1369 431 1418 Floriacum
449 1368 495 1418 sub
512 1368 642 1434 relligione
660 1367 800 1434 probatum,

192 1440 234 1489 Ad
253 1440 321 1507 quod
340 1440 440 1489 divertit
457 1451 601 1508 patremque
618 1440 703 1489 videre
721 1441 844 1507 poposcit.

194 1511 318 1578 Tempore
328 1528 494 1578 quo-magnus
503 1512 538 1561 ibi
547 1511 653 1577 praefuit
670 1511 743 1561 Abba
762 1512 907 1572 Richardus

195 1582 278 1646 Quem
295 1584 330 1632 sic
347 1583 482 1650 alloquitur
500 1582 623 1633 submisso
641 1584 734 1632 lumine
750 1585 863 1650 praesul:
908 1596 943 1639 460

195 1655 241 1702 «Ο
260 1654 334 1704 decus
353 1654 478 1715 abbatum,
496 1655 589 1720 lampas
608 1655 739 1722 clarissima
758 1667 863 1721 patrum,

193 1725 279 1775 Audio
289 1737 427 1787 teramum,
443 1737 563 1793 quantum
575 1726 646 1775 decet
661 1743 721 1786 esse,
737 1727 890 1793 magistrum,

195 1796 279 1864 Teque
297 1810 404 1863 tuosque
423 1813 516 1847 sacram
534 1797 628 1847 directo
646 1798 876 1850 tramitenormam

194 1867 342 1929 Observare,
360 1870 416 1936 pius
436 1885 511 1936 quam
529 1869 657 1918 constituit
675 1869 830 1928 Benedictus,

194 1941 254 1989 Eius
274 1951 298 1989 et
315 1941 379 1990 hanc
397 1942 457 1990 caris
476 1940 563 1989 aedem
580 1939 696 1990 membris
715 1940 833 1991 decorari.
908 1954 941 1998 4⁶5

194 2012 277 2061 Presul
296 2012 391 2078 etipse
409 2012 454 2073 fui,
474 2011 517 2062 sed
535 2012 649 2078 linquens
664 2013 764 2078 agmina
781 2012 860 2079 plebis

193 2084 304 2135 Nomine
322 2099 369 2149 pro
388 2084 493 2133 Domini
511 2099 596 2132 curam
613 2085 717 2149 pastoris
736 2084 815 2150 abegi.

193 2155 286 2220 Accipe
304 2171 393 2221 meque
412 2156 481 2222 gregi
500 2155 574 2213 socia,
593 2166 662 2220 pater
680 2156 751 2215 alme,
772 2155 851 2214 fideli,

192 2226 272 2276 Indue
289 2226 321 2275 ad
338 2227 405 2276 niuei
424 2227 511 2286 caulas,
531 2227 597 2275 bone
615 2237 707 2292 pastor,
726 2227 807 2277 ovilis.

194 2298 300 2346 Gratum
318 2309 354 2347 est
368 2310 397 2347 ut
415 2314 500 2347 coram
516 2297 655 2364 legislatore
673 2297 806 2364 rependam
906 2323 944 2356 470

194 2368 337 2428 Servicium
357 2369 461 2419 domino
479 2381 606 2435 praesente
624 2369 685 2418 mihi
704 2370 846 2430 benedicto

191 2440 260 2489 illius
279 2452 303 2489 et
320 2457 435 2490 normam
452 2441 519 2489 iuxta
538 2440 657 2490 deducere
675 2442 760 2502 vitam,

158 2570 193 2603 444
207 2559 240 2594 hec
252 2559 266 2593 P
299 2560 352 2604 impia
363 2560 438 2595 PBosco.
490 2560 525 2603 446
539 2560 618 2595 fraenare
626 2560 679 2593 Basca.
737 2560 853 2603 451hebrem
866 2560 912 2594 PE·

123 2607 173 2643 brem
180 2608 233 2641 Basca.
283 2606 317 2650 456
326 2606 421 2642 cenobium
429 2609 447 2643 P.
497 2619 532 2651 457
541 2607 709 2651 religionePBosco.
766 2618 801 2652 459
810 2606 875 2652 prefuit
890 2609 910 2642 P·

123 2655 158 2698 460
166 2655 225 2700 presul
236 2655 255 2689 P.
305 2654 337 2698 461
348 2655 446 2691 clarissimo
460 2657 479 2690 P.
529 2654 564 2698 464
573 2667 627 2700 quem
643 2655 691 2691 Basca
739 2655 772 2698 465
790 2655 846 2690 charis
855 2656 910 2690 Basca*

123 2704 180 2745 edem,
197 2702 274 2738 decorati
282 2703 301 2737 P.
350 2702 384 2745 466
394 2704 462 2748 praesul
475 2704 522 2738 Basca
571 2714 604 2747 471
620 2702 711 2738 servitium
719 2704 766 2738 Basca
799 2711 879 2747 presente
891 2705 910 2738 P·

124 2749 202 2795 471-476
218 2750 242 2785 al.·
254 2761 295 2785 man.
311 2752 333 2785 R.
