2068 3216
167 145 213 192 126

351 232 385 264 uu
401 231 608 266 Msuounsmtsus
624 219 655 266 V.
673 235 688 277 4

164 360 275 408 Noverat
290 359 335 407 iste
351 358 424 419 diem,
440 358 543 408 festinus
559 359 627 408 venit
643 359 673 409 ad
689 360 783 420 urbem,

214 431 315 480 Summo
332 446 402 479 mane
418 430 522 479 domum
537 431 624 480 iudicis
640 432 750 491 introiit;

164 502 285 552 Accusare
301 513 365 551 ratus
381 514 475 569 patrem
490 503 586 552 venisse
601 503 723 563 tribunus,

213 573 275 623 Mox
290 573 471 623 circumstantes
488 574 558 623 iussit
573 574 639 624 abire
654 575 728 634 foras,

165 645 261 695 Plenius
277 645 393 694 inditium
408 646 522 695 iuvenem
537 658 607 713 putat
623 664 674 696 esse
690 647 805 696 daturum

212 718 252 766 De
267 717 342 782 patris
358 717 477 777 admissis,
495 718 563 783 quod
579 720 659 784 gravis
676 729 738 767 esset
754 719 793 778 ei3

164 790 270 837 intentat
285 800 392 837 mortem
406 789 501 838 iuvenis
518 790 634 839 nudando
651 790 790 857 bipennem,

212 862 287 919 iuras,
304 860 434 927 Pomponi,
451 860 603 927 diffugiendo
620 878 712 921 necem,

165 932 244 998 Cogas
261 932 358 980 Manilii
373 950 404 980 ne
420 948 517 981 causam
532 933 611 982 dicere
626 945 728 1000 patrem,

213 1005 251 1052 Fit
267 1003 317 1051 nati
332 1003 393 1052 liber
410 1004 550 1053 strenuitate
565 1016 640 1070 pater.

165 1075 227 1124 Mox
242 1075 286 1124 ubi
303 1076 374 1124 Cotta
390 1087 475 1142 togam
492 1077 595 1144 sumpsit
611 1077 641 1126 de
657 1092 726 1125 more
741 1076 846 1136 virilem,

213 1147 370 1196 Descendens
386 1148 449 1196 celsa
465 1160 578 1215 comptus
594 1148 625 1197 ab
641 1165 695 1197 arce
709 1148 786 1207 Iovis,

165 1219 224 1267 Eius
242 1218 310 1286 quod
325 1230 420 1285 patrem
436 1219 577 1286 dampnarat
593 1220 642 1268 iam
658 1219 778 1268 seniorem

214 1289 301 1349 Carbo,
318 1290 463 1357 dampnatur
477 1290 553 1357 ipsius
569 1291 665 1341 inditio.

163 1361 246 1427 Agros
263 1362 393 1415 Gallorum
408 1363 462 1411 vult
478 1363 604 1429 dispertire
619 1364 713 1412 viritim

211 1434 351 1494 Flaminius,
368 1450 470 1483 concors
488 1435 560 1483 Curia
577 1435 645 1502 quod
660 1434 791 1501 prohibet3

163 1505 208 1554 Ille
223 1505 295 1554 minis
311 1505 455 1573 precibusve
471 1518 569 1572 patrum
584 1523 636 1554 non
651 1507 756 1555 flectitur
771 1506 835 1565 ullis,

214 1578 248 1626 Ut
263 1578 431 1644 promulgaret
447 1578 505 1626 haec
522 1589 581 1626 stata
597 1589 675 1626 rostra
692 1578 764 1638 subit,

166 1648 281 1716 Caepetat
297 1660 393 1697 extensa
408 1660 476 1715 pater
492 1660 519 1697 ut
536 1649 603 1698 sileat
618 1650 686 1698 iubet
701 1650 767 1709 ulna,

212 1720 346 1769 Descendit
362 1721 446 1769 rostris
463 1736 522 1769 mox
538 1721 639 1769 reticens
655 1722 767 1781 iuvenis;

163 1791 208 1841 ille
223 1791 335 1841 tribunus
352 1804 409 1851 erat,
426 1792 523 1858 genitor
538 1792 573 1840 nil
588 1793 647 1841 iuris
663 1792 774 1852 habebat,

214 1864 333 1926 Quamvis
349 1864 446 1930 privato
462 1864 542 1930 paruit
557 1864 598 1912 ille
613 1864 683 1931 patri.

166 1936 246 1984 Certat
262 1934 292 1983 de
308 1951 381 1983 curru
396 1947 491 2003 patrem
505 1936 602 2002 pulsare
617 1936 738 1995 tribunuS,

212 2008 327 2072 Namque
342 2006 508 2074 triumphabat
523 2019 622 2073 pectore
637 2019 694 2055 trux
709 2007 806 2067 Labius,

165 2078 265 2127 Claudia
280 2093 324 2145 per
339 2078 430 2127 medias
446 2079 549 2127 accurrit
564 2079 637 2144 virgo
654 2089 768 2139 catervas,

214 2150 243 2198 Se
259 2150 365 2198 mediam
379 2150 458 2216 ponit,
475 2150 553 2215 iurgia
569 2151 603 2198 sic
619 2150 719 2209 dirimit,

164 2221 270 2269 Erubuit
285 2221 383 2280 Labius,
399 2237 472 2270 curru
487 2222 576 2270 collem
591 2221 707 2287 Capitolii

212 2292 321 2358 Virginis
337 2293 446 2341 ascendit
461 2308 530 2341 more
545 2304 613 2360 pater
628 2293 712 2342 veteri.

166 2364 293 2429 Sanguinis
309 2364 410 2429 ingenui
426 2364 514 2423 mulier
530 2364 658 2431 dampnata
675 2364 719 2413 sub
735 2375 805 2412 antro
874 2372 886 2406 f·
900 2382 934 2414 sav

213 2435 339 2484 Clauditur
354 2436 460 2501 ergastli,
476 2436 540 2484 iussa
556 2436 637 2484 statim
651 2436 747 2503 perimi,

165 2507 271 2555 Carceris
287 2507 349 2555 hanc
365 2518 447 2556 custos
464 2508 579 2556 miserans
595 2523 712 2556 mucrone
728 2506 834 2556 retardat

212 2578 322 2638 Perdere,
339 2594 396 2627 nam
412 2589 491 2645 sperat
506 2594 579 2645 posse
594 2579 673 2646 perire
688 2578 769 2638 fame3

127 2699 146 2740 38
158 2696 255 2740 pomponii.
304 2695 324 2730 61
337 2696 419 2731 miserans
431 2707 515 2730 mucrone
526 2696 601 2731 retardat
612 2699 629 2731 ia
639 2708 672 2731 ras.
684 2696 706 2731 al.
718 2708 759 2732 man.
811 2696 832 2730 62
844 2708 875 2741 pe-

90 2744 123 2777 rire
135 2743 180 2777 fame
191 2745 208 2777 in
219 2756 251 2778 ras.
263 2743 285 2778 al,
297 2755 338 2778 mair.
