2068 3216
200 175 229 221 23
237 164 248 207 8

303 247 337 281 uu
352 247 555 281 MEMORABILIBUS
570 234 615 281 IX.
635 249 660 280 11
678 262 687 269 -
703 234 748 282 IX.
768 250 794 280 12

248 375 281 423 Et
297 391 356 423 mox
370 375 469 424 funesto
485 375 617 440 procubuit
633 376 725 441 gladio.

199 446 269 502 Dum
284 446 449 513 gladiatorum
465 446 610 512 Carthagine
627 447 709 514 Scipio
725 447 813 496 ludum

248 518 277 565 ln
293 529 423 567 restaurata
438 518 587 584 praeciperet
602 517 663 579 fieri,

199 590 289 638 Annua
305 589 397 656 quippe
413 589 464 638 dies
480 590 555 656 patris
572 601 596 638 et
611 590 691 654 patrui
708 590 827 650 revoluta,

248 661 406 726 Compellunt
421 661 521 728 populis
537 661 583 710 hos
600 661 715 711 adhibere
730 663 816 721 iocos;

199 734 286 797 Nuper
301 732 412 782 defuncti
428 744 536 781 statuunt
552 732 681 782 decernere
697 734 760 799 regis

247 805 306 853 Nati
321 819 368 871 pro
385 819 462 870 regno
479 821 536 852 cum
551 804 639 870 gladiis
654 806 752 870 patrio;

200 876 282 941 Scipio
298 876 432 925 verborum
448 876 517 942 quod
532 876 621 925 iuditio
638 876 804 926 dirimendum

247 948 391 1008 Ammonet,
407 959 431 996 at
447 948 528 996 renuit
543 947 625 997 iunior
641 948 690 997 hoc
704 947 775 1007 fieri;

199 1020 341 1084 Pugnarunt
357 1019 439 1079 ambo,
456 1019 521 1067 cadit
536 1019 615 1068 audax
630 1019 711 1069 iudice
726 1019 800 1079 ferro,

247 1091 316 1139 Dum
332 1092 395 1139 male
410 1090 513 1140 confidit
528 1091 623 1139 viribus
639 1091 760 1140 invalidis,

199 1164 259 1212 Non
275 1179 466 1228 cumfgermano
482 1162 525 1212 sed
539 1163 661 1229 pugnavit
677 1161 815 1212 Mitridates

248 1234 311 1282 Cum
326 1246 394 1299 patre
410 1234 441 1283 de
456 1234 546 1301 patrio,
561 1235 622 1282 vicit
638 1245 670 1294 et,
686 1234 799 1300 imperio,

198 1306 328 1354 Armeniae
345 1305 408 1354 solio
424 1306 552 1371 propulsat
567 1305 632 1354 filius
648 1306 698 1354 alto

247 1378 342 1426 Patrem
358 1377 623 1442 Tigranem'temporis
640 1377 767 1444 inpatiens.

358 1566 403 1610 DE
418 1565 580 1610 MORTIBUS
595 1564 750 1610 INSOLITIS

537 1717 565 1747 12

199 1809 262 1857 Cum
278 1807 336 1856 totis
353 1807 468 1856 domibus
485 1806 620 1872 conflagras
636 1806 747 1855 fulminis
762 1806 821 1866 ictu,

247 1879 339 1928 Hostili
356 1879 430 1938 Tulli,
447 1894 552 1943 cumque
568 1878 616 1927 tuis
632 1878 731 1945 puetis;

198 1951 272 2000 Urbis
289 1967 340 1999 eras
357 1950 479 2008 columen,
495 1950 641 2016 propulsans
657 1949 752 1998 viribus
768 1949 873 2009 hostem,

247 2022 348 2082 Mirum,
366 2021 434 2088 quod
449 2021 501 2070 fato
517 2021 610 2070 tolleris
626 2021 744 2070 insolito!

198 2095 253 2143 Uda
269 2094 338 2143 domi
354 2093 444 2142 residet
458 2093 613 2141 lacrimarum
629 2093 730 2141 flumine
746 2103 830 2152 mater,

246 2166 338 2214 Audita
354 2165 405 2213 nari
420 2179 466 2230 pro
482 2181 542 2212 nece
558 2163 640 2213 flendo
658 2164 712 2223 sui3
910 2172 983 2209 f.100v

198 2238 268 2286 Ulnis
285 2248 342 2304 post
359 2236 487 2284 modicum
502 2236 618 2284 iuvenem
634 2236 761 2302 complexa
778 2250 910 2295 reversum,

246 2308 351 2357 Laeticia
367 2307 447 2356 subita
462 2306 555 2355 corruit
571 2307 695 2356 exanimis.

198 2380 297 2429 Corsica
313 2379 430 2428 Romanis
447 2378 546 2427 tandem
562 2390 689 2446 superatur
705 2378 735 2427 ab
751 2378 832 2438 armis,

247 2451 354 2500 Consule
368 2450 413 2499 sub
428 2450 513 2509 Talna,
527 2461 639 2499 strenuus
653 2450 694 2498 hic
707 2450 746 2499 vir
760 2461 818 2509 erat,

197 2525 226 2571 ln
243 2540 291 2590 qua
307 2522 441 2571 sacrificans
457 2522 545 2588 apices,
563 2538 625 2589 quos
642 2522 715 2570 Curia
731 2522 815 2581 mittit,

247 2594 360 2660 Suscipit,
376 2595 471 2642 intento
486 2593 549 2642 ¹dum
564 2594 624 2659 legit
640 2593 685 2642 hos
702 2593 794 2653 animo,

198 2667 221 2714 A
236 2666 345 2731 parribus
362 2665 446 2714 missas
464 2664 510 2713 sibi
526 2665 624 2731 gavisus
640 2664 694 2713 fore
710 2676 798 2730 grates,

247 2739 364 2802 Expirans
381 2752 446 2785 aram
462 2736 551 2784 labitur
566 2738 621 2784 ante
638 2753 714 2785 suam.
