2068 3216
10 2719 30 2760 ⁸3

788 149 798 181 ¹
824 152 833 196 5

232 221 267 254 uu
276 221 482 256 Muuouamutuus
494 206 561 254 VHI.
576 222 589 252 2
610 233 620 241 -
635 204 702 254 VIII.
721 220 732 266 3
804 151 818 199 9

129 348 225 398 Cassius
240 349 344 415 agnovit
358 348 458 409 factum,
474 349 581 416 graviter
596 346 758 414 reprehendit,

177 420 305 469 Porcinam
320 421 410 470 multae
426 420 565 470 subitiendo
582 420 659 486 gravi.

129 492 174 542 Vir
188 492 297 560 locuples
313 493 408 560 proprii
422 494 493 560 pueri
508 503 637 558 corruptus
653 505 744 550 amore,

176 564 281 631 Fugerat
295 563 356 613 urbe
372 564 448 630 magis
464 563 519 614 ocia
534 563 597 613 ruris
612 579 703 623 amans,

128 636 245 702 Dumque
260 636 300 686 die
316 635 399 685 clauso
414 636 481 685 vesci
495 650 557 703 puer
572 643 736 694 oret'omaso
851 656 870 688 15

175 708 269 757 Veneat
284 718 309 757 et
324 708 375 756 ruri
390 707 457 756 nulla
472 707 564 757 bovina
579 723 644 766 caro,

127 779 171 829 Ille
187 779 279 829 bovem
292 779 363 828 iussit
379 779 502 828 domitum
516 790 620 828 mactare
636 777 722 837 securi,

176 852 211 901 Ut
225 866 287 917 puer
302 850 400 900 obtatos
416 861 522 900 sumeret
537 850 594 899 inde
610 848 696 899 cibos:
717 861 719 866 ’

127 922 296 990 Dampnatur:
312 923 398 990 primis
414 921 577 990 dampnabant
592 922 649 971 talia
665 920 742 981 seclis,

175 996 241 1045 Nam
256 1004 343 1044 nostro
358 993 411 1043 fieri
426 1005 536 1061 tempore
552 1004 638 1043 cuncta
653 992 717 1042 licet.
849 1015 872 1038 20

166 1173 210 1217 DE
227 1172 303 1216 uus
321 1171 378 1229 Qui
395 1171 505 1229 NEQUE
523 1170 670 1217 DANNAn
686 1170 796 1228 NEQUE

375 1243 486 1288 soron
507 1243 588 1288 suut

471 1398 481 1443 5

127 1490 211 1539 Pretor
226 1499 277 1537 erat
292 1488 377 1547 Lenas,
393 1488 481 1537 mulier
496 1487 624 1537 deducitur
638 1488 683 1548 illi,

175 1558 282 1608 Matrem
295 1573 436 1626 percussam
449 1559 514 1608 fuste
529 1571 625 1609 necarat
640 1577 684 1620 ea;

127 1630 241 1680 Testibus
256 1631 376 1698 approbat
391 1630 450 1680 haec
465 1642 535 1679 natos
551 1648 565 1680 a
581 1642 657 1680 matre
672 1632 761 1680 veneni

175 1702 302 1751 Extinctos
319 1702 371 1751 dira
386 1702 522 1752 sorbitione
537 1719 612 1762 suos3

128 1774 183 1837 Qua
197 1773 343 1840 parricidam
357 1774 411 1823 vice
426 1773 545 1841 parricida
560 1785 662 1834 necarat,
860 1802 868 1834 5

175 1847 242 1895 Haec
257 1862 302 1895 nec
318 1845 470 1912 dampnatur,
487 1845 597 1896 solvitur
606 1843 650 1895 adt
663 1846 778 1912 penitus;

126 1917 196 1966 Dum
211 1918 288 1967 Lenas
304 1917 399 1967 dubitat
415 1933 466 1984 quo
483 1935 507 1967 se
524 1918 743 1979 sententiavertat,

173 1988 293 2038 iuditium
308 2001 402 2055 partem
417 1989 501 2056 dirigit
516 1990 542 2038 in
557 2000 675 2040 neutram.

127 2060 225 2110 Occidit
239 2072 326 2110 natum
340 2073 450 2111 matrona
465 2062 586 2129 simulque
601 2062 724 2122 maritum,

175 2132 248 2182 Urbis
265 2133 387 2182 Smirneae
402 2133 463 2182 civis
479 2145 536 2182 erat
544 2132 639 2192 mulier,

127 2206 193 2254 Nam
206 2204 246 2254 vir
260 2204 411 2271 privignum5
427 2217 498 2254 natus
513 2202 613 2253 fratrem
626 2206 755 2272 iugularat,

176 2276 227 2339 Qui
243 2276 289 2324 sibi
304 2288 375 2326 natus
391 2288 442 2326 erat
456 2276 492 2326 de
502 2277 604 2325 meliore
618 2277 691 2337 viro;

127 2349 222 2397 Praeses
238 2347 269 2397 ad
284 2347 379 2397 Areum
395 2352 488 2416 pagum
503 2348 590 2397 direxit
606 2349 714 2398 Athenas

175 2421 322 2480 Matronam,
339 2437 389 2487 quo
405 2436 442 2470 res
459 2420 619 2470 discuteretur
634 2421 682 2471 ibi:

127 2490 206 2540 Caede
221 2506 287 2540 ream
302 2491 399 2557 gemina
414 2509 459 2541 nec
475 2492 569 2542 solvere
583 2493 639 2542 vult
654 2492 791 2552 Dolabella,
849 2515 868 2548 ις

175 2563 229 2613 Nec
244 2562 382 2629 dampnare,
399 2563 468 2630 quod
483 2575 520 2613 est
535 2575 603 2613 mota
619 2564 705 2614 dolore
720 2564 780 2632 pio;

127 2635 180 2684 Nec
195 2634 276 2684 minus
292 2646 384 2684 astutae
398 2635 487 2684 fatiunt
504 2636 623 2703 sapienter
637 2636 756 2696 Athenae,

174 2707 285 2772 Inspecta
301 2723 378 2766 causa,
395 2724 457 2773 quae
472 2723 577 2757 remeare
592 2708 687 2768 iubent,
