2068 3216
232 156 282 200 224

407 229 441 263 oa
456 218 662 262 unuonaumrnus
678 213 724 262 IX.
743 230 756 261 2

230 356 319 405 Castris
335 355 449 405 inductos
465 356 534 421 cogit
549 355 677 405 decernere
692 355 759 406 fetro

279 427 401 493 Sanguine
417 427 562 477 coniunctos
579 444 622 476 seu
637 428 738 494 regione
754 428 830 488 viros,

195 517 198 520 ⁴
230 498 284 549 Nec
299 498 438 565 placabatur
454 498 533 548 donec
549 498 699 565 disperderet
714 505 778 549 unus

280 571 368 620 Secum
382 579 500 620 certantes
516 569 596 620 Marte
611 570 665 620 fero
677 571 797 637 reliquos.

231 643 269 690 Ex
284 642 331 691 sibi
346 657 460 707 germana
475 641 635 691 Ptholomeus
652 658 694 691 rex
709 642 838 709 Cleopatra

279 714 389 762 Eximiae
404 714 497 763 formae
512 715 647 780 progenuit
662 720 782 782 puerumz'

231 785 299 834 illius
310 786 503 853 ipsecaputque
520 801 654 852 manusque
669 786 795 853 pedesque
809 787 899 836 recisos

279 857 327 906 Pro
343 858 454 906 natalitio
469 873 569 906 munere
585 858 652 907 misit
668 858 707 917 ei;

232 928 346 977 Cerneret
361 928 497 995 Aegiptum
513 929 560 978 sibi
575 945 633 978 curn
648 929 747 978 demens
763 929 895 990 inimicam,

280 1000 400 1049 Caedibus
416 1000 522 1049 instituit
536 1000 637 1066 perdere
653 1001 797 1066 Niligenas:

232 1071 315 1137 Cingit
331 1073 477 1137 gynnasium
493 1089 610 1137 generosa
625 1072 691 1138 pube
707 1072 832 1132 refertum,

280 1144 312 1192 Et
327 1144 393 1192 ferro
409 1145 504 1193 clausos
520 1143 601 1210 perdit
617 1156 641 1192 et
656 1145 714 1209 igne
729 1145 805 1193 uiros.

233 1215 326 1274 Ochus,
343 1215 386 1281 qui
402 1216 500 1275 Darius,
517 1215 641 1281 generosis
657 1216 720 1263 iurat
736 1215 844 1281 ephebis,

282 1287 369 1335 Secum
384 1286 414 1336 de
430 1303 508 1353 regno
525 1288 568 1353 qui
583 1287 699 1354 pepulere
715 1303 808 1353 magos,

232 1358 271 1407 Ne
286 1357 357 1407 famis
374 1371 415 1407 aut
430 1359 488 1407 ferri
504 1370 573 1407 necet
589 1359 635 1407 hos
651 1359 678 1407 vi
695 1358 746 1407 sive
757 1359 858 1418 ueneni,

281 1430 397 1498 Repperit
413 1446 473 1496 ergo
489 1446 585 1479 novum
599 1430 706 1495 perfidus
723 1430 841 1479 exitium:

232 1499 311 1550 Muris
328 1520 357 1551 ex
373 1503 455 1551 caelsis
471 1502 540 1550 locus
557 1503 636 1550 arcior
651 1501 797 1560 aedificatur,

280 1574 385 1639 Aggesti
401 1574 513 1622 cumulos
529 1574 594 1621 intus
611 1573 701 1622 habens
718 1573 813 1632 cineris,

233 1645 265 1692 Et
281 1661 353 1712 super
369 1646 434 1693 hunc
450 1645 595 1711 gracilisque
611 1645 689 1693 trabes
705 1645 815 1710 levisque
830 1645 932 1704 locatur,

282 1717 341 1780 Quo
358 1718 441 1765 statuit
456 1717 542 1783 plenos
558 1715 659 1783 potibus
675 1727 748 1782 atque
764 1715 833 1775 cibis,

233 1787 299 1836 Hinc
313 1789 375 1855 lapsi
390 1788 502 1837 recidunt
517 1805 544 1837 ac
560 1789 586 1836 in
602 1788 700 1836 cineres
710 1788 869 1847 tumulantur,

280 1860 376 1910 Invitos
392 1872 524 1926 postquam
540 1876 641 1908 somnus
658 1876 700 1907 eos
717 1858 836 1908 honerat:

235 1931 273 1981 Sic
288 1932 424 1981 iuramento
441 1931 585 1997 disperdidit
601 1931 729 1989 inviolato,

282 2003 391 2053 Credidit
406 2015 441 2062 ut,
458 2020 561 2068 magnos
578 2002 697 2051 subdolus
712 2002 754 2051 ille
769 2002 845 2050 viros.

232 2075 365 2124 Pollicibus
382 2076 452 2124 sectis
469 2075 563 2139 Eginos
579 2091 638 2122 non
647 2074 687 2122 hic
703 2073 814 2122 Athenae

282 2147 391 2196 Multum
406 2145 538 2195 laudandae
555 2145 682 2194 debilitant
697 2146 811 2194 iuvenes:
944 2154 1006 2200 f.94v

233 2220 262 2267 In
278 2235 343 2267 mare
359 2235 389 2267 ne
406 2235 489 2267 secum
504 2218 635 2266 certamine
650 2227 745 2285 pugnet
760 2216 852 2265 oborto

283 2291 363 2340 Classe
378 2302 466 2355 potens
482 2289 589 2356 populus
606 2289 651 2337 hac
666 2287 761 2337 feritate
776 2300 870 2337 cavent.

234 2363 278 2410 Est
294 2379 308 2410 a
324 2378 374 2427 quo
390 2372 473 2410 taurus
489 2362 598 2426 primum
613 2359 732 2409 formatus
749 2376 832 2418 aenus,

282 2432 396 2482 Machina
410 2432 529 2500 poenalis,
546 2448 631 2480 saevus
648 2443 672 2480 et
687 2431 728 2479 ille
743 2431 808 2490 fuit3

234 2505 344 2570 Cogebat
360 2504 455 2553 clausos
471 2505 534 2569 ignis
552 2503 647 2568 mugire
664 2503 785 2561 subactus,

282 2578 340 2626 Vox
355 2588 425 2625 sonat
440 2575 497 2624 inde
513 2575 593 2634 bovis,
610 2575 661 2641 ipse
678 2584 759 2639 stupet
774 2573 898 2622 Phalaris:

199 2754 220 2787 59
231 2741 356 2787 ptholomeus:
369 2742 380 2775 h
391 2749 470 2786 suprascr.
520 2741 540 2775 86
552 2740 637 2785 phalaris:
649 2745 661 2784 p
672 2746 750 2784 suprascr.
