2068 3216
203 145 251 201 382

427 227 510 262 uAssto
526 231 548 263 u.
565 229 650 263 nrum
665 214 690 262 II

202 357 232 405 Se
248 356 295 405 sibi
311 357 354 422 qui
371 357 477 416 tradunt,
494 358 538 422 qui
554 369 633 407 totam
649 375 717 425 spem
734 359 780 407 sibi
797 359 913 421 subdunt,

201 430 233 476 Et
246 443 290 495 per
302 428 512 495 psalmigraphum
525 429 612 479 cecinit
626 430 682 495 quia
696 447 747 479 non
760 431 823 498 perit
836 449 914 481 unum

201 498 306 548 Ossibus
315 518 345 549 ex
361 500 456 560 sanctis,
473 517 539 550 mors
556 518 613 551 cum
629 502 660 550 sit
675 503 893 553 amaramalorum.

201 570 250 620 Hic
266 570 312 620 sibi
329 588 379 638 quo
395 571 487 638 placuit
502 574 587 622 navim
602 590 627 622 se
643 574 735 639 remige
752 574 829 634 duxit,

200 645 255 710 Ipse
270 642 318 692 fuit
333 642 424 704 velum,
441 644 502 693 rexit
518 645 684 694 moderamine
699 646 805 706 clavum,

200 714 294 780 Dirigit
309 716 340 765 ad
355 715 413 764 litus
429 717 559 782 provisum
574 717 658 767 nobile
674 732 771 783 corpus.

200 787 301 855 Nullius
317 788 375 837 clari
391 788 472 836 radios
487 788 621 855 interrogat
636 790 702 849 astri,

201 860 262 909 Non
278 859 352 909 Tauri
368 860 471 910 rutilum
486 876 564 910 cornu
580 872 686 927 spectare
703 861 836 921 sinistrum,

201 933 261 981 Non
277 932 344 980 iuvat
360 931 452 981 extensi
467 933 594 998 provisere
610 932 707 982 brachia
723 933 817 993 Cancri,

201 1003 283 1053 Sidera
299 1020 344 1053 nec
359 1003 435 1053 Piscis
451 1020 496 1053 nec
511 1004 619 1053 consulit
634 1016 697 1054 astra
712 1005 807 1064 Bootis,

200 1075 261 1124 Non
271 1087 343 1143 caput
352 1075 534 1136 Andromedae,
545 1093 597 1125 non
606 1076 682 1126 cauda
692 1077 755 1143 regit
771 1077 912 1137 Cinosurae‚

201 1148 296 1196 Excitat
311 1147 402 1196 invisas
418 1147 526 1197 Helenae
542 1164 586 1197 nec
603 1148 671 1197 stella
686 1148 813 1216 procellas,
885 1179 886 1182 =

191 1220 261 1275 „Non
276 1234 363 1268 vexare
377 1218 469 1270 fretum
483 1220 549 1269 valet
565 1219 655 1269 ensifer
670 1221 752 1268 Orion
766 1220 857 1269 altum:

200 1291 293 1340 Histria
308 1290 422 1356 laurigeri
438 1291 529 1340 ditatur
544 1306 647 1357 corpore
663 1291 752 1340 Mauri.

201 1362 268 1411 Urbe
283 1362 411 1411 Farentina
427 1362 518 1429 degens
535 1363 603 1412 videt
619 1375 647 1412 ut
661 1364 702 1431 pia
717 1363 789 1412 turba

200 1434 354 1502 Appropiare
371 1451 427 1483 suae
442 1435 573 1500 tranquilla
588 1449 632 1502 per
647 1451 753 1501 aequora
769 1436 843 1501 ripae,

201 1505 284 1555 Obvia
300 1518 352 1555 tota
368 1506 425 1565 ruit,
441 1506 484 1555 vix
498 1523 562 1555 unus
578 1507 604 1554 in
619 1506 680 1555 urbe
696 1508 818 1567 remansit,

201 1577 338 1645 Obstupuit
353 1578 436 1644 primo
451 1595 508 1627 casu
523 1579 650 1645 perterrita
665 1589 752 1638 tant03

200 1649 292 1699 Navim
307 1650 450 1709 circumdat,
467 1650 527 1716 quid
542 1649 616 1699 ferret
632 1650 693 1699 scire
707 1650 809 1710 laborat,

200 1721 264 1771 Cum
279 1721 359 1788 lapide
376 1722 473 1788 sculpto
490 1733 638 1772 sarmentum
653 1722 774 1789 conspicit
789 1722 863 1781 intro,

199 1793 332 1858 Relliquias
348 1793 412 1859 ignis
429 1810 503 1859 quem
518 1794 556 1842 vis
573 1793 656 1843 divina
672 1793 773 1854 refrixit,

200 1865 232 1912 Et
247 1865 338 1932 partim
352 1881 422 1914 canas
439 1865 542 1915 miratur
556 1865 634 1915 inesse
649 1865 753 1925 favillas,

200 1937 290 1986 Partim
306 1937 420 1986 sarmenti
436 1937 572 1987 carbonum
586 1937 663 1986 frusta
678 1937 785 1996 cremati,

200 2007 355 2074 Miraturque
371 2020 448 2057 ratem
463 2026 515 2057 non
530 2025 626 2075 passam
641 2008 752 2058 funditus
768 2009 860 2074 ignem,

199 2079 299 2129 Illesum
313 2080 414 2130 titulum
429 2081 544 2146 titulique
560 2092 641 2148 stupet
656 2091 852 2131 monumentum.

199 2153 342 2200 Percurrens
359 2152 435 2200 oculo
451 2153 520 2218 quod
536 2164 586 2202 erat
602 2153 720 2219 scriptum
736 2152 847 2201 studioso

199 2223 307 2272 Martiris
324 2223 364 2272 hic
379 2240 472 2275 nomen
486 2224 546 2290 legit
562 2236 745 2290 extremumque
760 2223 883 2273 laborem:

200 2295 303 2344 Reddita
318 2307 383 2344 certa
398 2296 448 2344 Dei
463 2307 531 2345 certo
548 2295 578 2345 de
593 2312 694 2346 munere
710 2296 807 2345 Christi.
910 2303 970 2340 f.160

198 2367 285 2416 Fervet
300 2367 395 2415 laeticia
410 2367 451 2434 pia
466 2367 543 2435 plebs,
559 2368 698 2434 promiscua
714 2367 793 2427 turba,

105 2497 107 2499 ,
163 2459 195 2505 356
205 2460 408 2505 psalmographumsugg.
415 2460 469 2496 Barth.
477 2461 541 2496 occinit
555 2461 602 2495 Bosco
618 2461 660 2506 quid
669 2462 687 2496 P.
695 2461 743 2506 quod
754 2462 801 2496 Bosco
823 2472 854 2505 357
862 2472 910 2495 mors

103 2506 386 2543 ‘cumsitamaramalorum'al
395 2520 436 2543 man.
445 2510 466 2543 R.
491 2535 492 2538 η
528 2509 559 2553 364
570 2508 631 2553 sydera
641 2509 694 2543 Bosco.
755 2508 910 2553 3652ndromede,

126 2555 207 2590 cinosute
218 2557 236 2590 P.
262 2556 362 2600 Cynosurae
373 2556 426 2590 Rosa.
494 2556 525 2601 366
537 2556 598 2590 helene
609 2558 627 2591 P.
707 2556 738 2600 367
749 2556 805 2591 altum
815 2568 845 2591 om.
857 2556 909 2591 Basca

128 2603 158 2647 368
170 2603 242 2637 historia
253 2604 272 2638 P.
283 2604 334 2638 Istria
344 2604 397 2638 Bosco.
476 2615 507 2648 370
519 2615 556 2646 sue,
569 2615 642 2648 equora,
655 2604 692 2648 ripe
703 2605 722 2639 P.
799 2615 829 2648 371
844 2603 878 2638 fuit
890 2605 909 2639 P.

128 2662 157 2695 375
172 2650 253 2695 reliquias
267 2652 280 2685 P
293 2652 345 2686 Basca.
395 2662 426 2695 377
440 2651 495 2686 frusta
503 2663 542 2686 corr.
552 2663 574 2686 ex
584 2652 648 2686 frustra
658 2653 679 2686 R.
727 2651 910 2697 379illaesum.Bosca.

128 2702 157 2742 381
169 2699 249 2743 martyris
259 2700 273 2732 P
282 2699 335 2733 Basca.
405 2702 435 2744 383
446 2699 504 2734 leticia
511 2701 530 2734 P.
539 2699 604 2734 laetitia
611 2700 658 2734 Bosco
689 2700 788 2744 promiscua
795 2711 834 2734 corr.
842 2711 864 2734 ex
870 2711 912 2743 pro·

125 2746 206 2789 misscua,
214 2758 222 2781 s
230 2753 305 2791 expuncto
313 2748 332 2781 P.
