2068 3216
852 113 866 160 9

347 182 381 215 na
397 181 603 215 urnuoaauumus
619 167 637 214 Ι.
657 184 669 214 2

160 312 243 374 Quem
258 326 319 375 puer
335 310 361 358 in
377 310 444 358 cunis
461 309 522 358 dum
537 310 629 358 dormit
645 310 741 358 flamma
757 322 866 369 coronat,

207 381 374 430 Praelambens
390 392 482 430 teneras
498 381 533 429 nil
549 382 660 430 nocitura
676 398 757 429 eomas
765 400 771 440 ;

159 456 217 517 Quo
235 453 353 520 Tanaquil
369 453 444 518 signo
457 452 544 502 mulier
559 453 685 501 notissima
700 453 756 501 viso
773 483 806 488 ——
892 472 899 504 5

206 525 329 591 Antiquae
345 525 408 589 regis
424 540 486 573 uxor
502 537 552 573 erat
567 525 654 573 sterilis
670 555 704 560 »-

158 596 397 662 Praedixitpuerum
413 612 496 662 regem
510 611 625 662 praesaga
640 596 759 655 futurum,

206 671 261 734 Ipsa
277 668 365 719 dehinc
381 668 441 716 aluit
455 669 634 734 imperiumque
650 667 724 716 dedit.

158 741 256 789 Prebuit
272 752 387 789 eventum
402 756 499 805 pugnae
514 755 576 805 vaga
593 740 688 788 flamma
705 738 845 797 seeundum,

206 812 304 861 Vertiee
321 829 381 879 quae
398 810 475 860 Marci
491 812 597 859 consulis
613 812 742 869 aemicuit;

159 884 217 946 Quo
235 900 293 932 mox
308 883 424 949 prodigio
440 883 549 948 legiones
566 883 654 931 robore
671 894 779 947 sumpto„

206 955 309 1004 Attritae
326 955 394 1003 bellis
412 955 457 1003 sub
473 954 575 1003 ducibus
592 955 703 1019 geminis,

158 1027 253 1075 Poenos
269 1027 402 1092 profligant
418 1027 461 1093 qui
478 1043 502 1074 se
518 1027 567 1074 iam
582 1026 618 1075 bis
636 1036 774 1091 superarant

207 1099 336 1165 Castraque
352 1098 444 1146 divitiis
461 1097 519 1146 ditia
535 1098 670 1164 diripiunt;

159 1170 198 1217 Sat
215 1171 279 1236 apud
296 1170 440 1235 Hesperiam
456 1181 512 1218 sunt
527 1166 619 1234 proelia
629 1181 695 1234 gesta
705 1184 849 1234 supremam,

205 1242 275 1289 Dum
291 1253 346 1290 sunt
363 1241 465 1307 Hispani
481 1241 602 1305 praesidio
619 1240 699 1289 Titiis.
738 1263 740 1267 ’

157 1313 231 1360 Ferro
248 1325 304 1361 sunt
320 1313 407 1361 domiti
424 1314 545 1372 Veientes
562 1312 670 1379 urbeque
686 1311 761 1360 clausi

206 1384 308 1433 Nollent
325 1385 440 1433 Romanis
457 1401 514 1432 cum
530 1384 607 1432 subici
622 1384 737 1442 dominis,

158 1455 267 1504 Tandem
282 1457 382 1521 pertesis
399 1455 534 1505 victori-bus
550 1455 694 1515 obsidionis,

206 1527 309 1576 Tederet
324 1528 418 1576 clausos
433 1529 518 1576 viuere
534 1544 591 1576 eum
606 1528 716 1586 miseros,

158 1599 271 1647 Excrevit
286 1600 351 1648 lacus
367 1599 485 1658 Albanus,
502 1599 612 1663 mirabile
628 1598 702 1657 dictu,

205 1670 286 1719 Imber
302 1688 359 1719 cum
373 1671 455 1719 nullus
472 1672 563 1718 auxerit
579 1683 620 1719 aut
636 1671 725 1719 fluvius
736 1688 757 1728 ;·

157 1740 278 1791 Miserunt
294 1741 405 1808 Delphos
423 1742 483 1809 quid
499 1743 578 1807 signet
594 1757 707 1807 quaerere
724 1757 820 1806 gnaros,

205 1815 360 1878 Responsum
376 1815 448 1862 saeris
464 1813 573 1862 redditur
589 1831 618 1861 ex
633 1813 712 1872 aditis,

157 1885 261 1949 Limpha
276 1885 341 1933 lacus
357 1886 418 1934 latos
436 1886 456 1933 si
472 1885 624 1950 dispergatur
640 1885 665 1932 in
680 1901 761 1951 agroS,

206 1956 342 2005 Confestim
358 1958 422 2005 cives
438 1973 511 2023 posse
528 1957 580 2021 capi
596 1957 715 2015 miseros;

156 2029 195 2077 De
212 2028 297 2076 clausis
314 2045 365 2076 uno
383 2040 501 2095 quaerunt
518 2028 548 2076 ab
564 2028 672 2092 aruspice
689 2040 768 2092 capto,

205 2100 335 2148 Portendat
351 2099 398 2148 diri
415 2100 475 2165 quid
491 2099 537 2147 sibi
552 2099 644 2164 limpha
659 2099 742 2158 lacus;

157 2171 208 2233 Qui
224 2186 339 2236 responsa
355 2171 429 2230 dedit,
447 2170 544 2219 dederat
561 2187 621 2238 quae
638 2172 724 2219 Delius
740 2170 805 2229 illis;

205 2241 268 2290 Urbs
286 2258 366 2307 sparsa
389 2243 481 2308 limpha
497 2242 611 2307 diripitur
626 2242 718 2308 refuga.

157 2313 249 2362 Consul
265 2314 366 2363 Nolano
381 2313 442 2363 dum
459 2314 515 2363 Silla
530 2314 609 2366 litaret
624 2314 650 2362 in
665 2330 733 2379 agro,

204 2384 300 2450 Anguis
317 2385 347 2433 ab
363 2386 442 2434 altaris
460 2386 568 2451 margine
585 2385 714 2450 prosiluit;

156 2457 269 2504 Protinus
286 2458 385 2522 arreptis
404 2458 512 2506 Samnites
529 2469 631 2522 occupat
647 2458 727 2516 armis,

205 2529 275 2590 Quos
292 2528 375 2594 gladio
394 2529 502 2587 eaedem,
519 2530 599 2577 victor
615 2528 651 2576 ab¹
661 2529 698 2576 his
715 2527 793 2576 rediit.

155 2600 229 2648 Civili
245 2599 310 2648 bello
328 2600 397 2648 Sillae
414 2601 534 2666 Mariique
550 2601 698 2665 propinquo,

205 2671 285 2720 Verba
301 2671 413 2736 profudit
429 2672 482 2731 bos,
500 2672 600 2719 consule
618 2672 730 2736 Sulpitio‚
