2068 3216
140 116 157 148 2,

122 116 136 164 9
244 188 279 221 uu
294 185 502 222 irumouaurmaus
517 174 561 222 IV.
581 183 591 222 1
609 204 619 210 -
635 176 678 223 IV.
697 192 709 223 2

121 314 232 382 Propulit
246 314 399 364 Anthiocum
413 326 477 364 trans
492 328 603 364 montem
617 316 699 383 Scipio
714 317 831 377 Taurum,

168 387 291 452 Linquere
307 398 441 454 surreptam
455 388 604 455 praecipiens
620 388 721 448 Asiam;

121 460 208 508 Grates
225 458 342 507 Romanis
359 473 400 507 rex
415 475 445 507 ex
460 458 543 508 animo
559 459 652 526 probus
669 460 727 526 egit,

170 532 303 597 Exemprus
320 530 383 579 curis
401 530 469 597 quod
485 531 600 596 gravibus
617 531 648 579 sit
663 530 694 580 ab
710 531 755 580 his.

120 719 164 762 DE
179 719 254 763 ILLIS
271 719 326 776 QUI
342 720 385 763 DE
400 720 530 764 INIMICIS
545 696 635 765 FACTI
646 721 726 766 SUNT
741 720 832 765 AMICI

466 872 479 901 2

116 961 226 1011 ¹Emilius
242 961 357 1027 Lepidus,
374 961 413 1009 vir
427 962 454 1009 in
469 946 538 1010 omni
554 973 621 1029 parte
637 963 762 1029 probatus,

170 1032 294 1083 Pontificis
310 1032 408 1081 functus
425 1044 449 1081 et
465 1033 534 1082 ducis
550 1034 638 1094 offitio,

121 1105 222 1154 Fulvius
239 1117 263 1154 et
278 1104 385 1164 Flaccus,
401 1105 496 1170 magnis
512 1106 551 1153 vir
567 1106 702 1155 honoribus
719 1109 811 1166 auctus,

169 1176 302 1226 Discordes
318 1177 396 1242 longo
412 1176 551 1225 ferbuerant
567 1177 635 1237 odio,

122 1250 240 1299 Censores
256 1248 314 1297 facti
330 1248 452 1296 discordia
468 1249 540 1297 cessit
555 1248 585 1297 ab
601 1249 657 1308 illis,

101 1349 106 1360 -=
170 1321 304 1369 Censuram
318 1330 445 1385 peragunt·
454 1320 580 1369 unanimes
596 1320 708 1385 rigidam.

120 1392 206 1440 Livius
215 1391 347 1457 indignum
364 1392 448 1440 Sextus
465 1392 577 1458 culpante
593 1393 693 1442 Nerone

170 1465 298 1530 Perpessus
315 1463 393 1511 fuerat
408 1463 507 1528 longius
523 1463 631 1522 exilium,

122 1536 235 1585 Consulis
252 1535 356 1600 imperio
373 1534 495 1583 donantur
511 1535 572 1583 dum
587 1535 659 1584 simul
675 1534 756 1594 ambo,

169 1607 207 1654 Ex
221 1606 352 1654 inimicicia
368 1607 444 1654 crevit
460 1607 576 1665 amicicia,

116 1680 159 1727 ¹Ex
173 1678 257 1727 animo
275 1678 339 1726 Sexti
355 1677 456 1726 caedens
472 1678 560 1726 iniuria
575 1678 643 1726 testis

168 1749 237 1798 lllius
254 1760 351 1816 gratum
366 1749 455 1798 deserit
470 1749 605 1815 ingenium,

122 1822 250 1888 Temporis
266 1820 351 1870 articlo
368 1820 499 1869 concordia
514 1820 609 1886 profuit
623 1820 667 1869 illo

170 1893 243 1942 Haud
259 1893 397 1951 minimum,
413 1893 500 1941 Poenis
517 1892 730 1957 congredientibus
746 1893 793 1952 his,

122 1966 192 2027 Quos
208 1964 306 2030 utrique
321 1965 377 2023 viri,
392 1964 450 2012 facti
466 1964 621 2012 vehementer
636 1965 716 2024 amici,

169 2036 284 2085 Fundunt
300 2052 357 2084 cum
372 2036 431 2085 totis
446 2035 552 2084 fortibus
568 2035 671 2084 auxiliis.

120 2108 178 2156 lrati
195 2107 305 2156 Grachus
321 2106 417 2156 fuerant
433 2118 457 2155 et
474 2108 556 2173 Scipio
572 2123 683 2172 magnus,

169 2180 270 2228 Patrum
285 2178 400 2227 mandato
416 2190 526 2245 tempore
543 2179 664 2245 disposito

119 2252 148 2299 ln
165 2251 305 2316 Capitolino
321 2251 433 2317 pransuri
447 2250 633 2316 vesperecolle‚
690 2293 692 2295 ,

168 2322 303 2371 Discordes
318 2322 429 2381 veniunt,
445 2322 571 2370 unanimes
587 2321 696 2381 redeunt,

120 2394 206 2442 Pulcra
222 2393 293 2442 datur
309 2393 408 2442 Gracho
424 2394 515 2441 coniux
531 2393 739 2458 Corneliavirgu,

169 2465 251 2531 Scipio
269 2481 343 2531 quam
358 2476 439 2513 natam
455 2464 531 2513 donat
547 2465 569 2513 ei
584 2465 716 2530 propriam.

120 2537 256 2585 Gavinium
272 2538 357 2585 Cicero
375 2536 456 2585 studio
473 2535 583 2585 defendit
598 2536 692 2602 opimo,
751 2568 753 2576 ι

84 2715 99 2744 2,
113 2714 132 2746 23
145 2702 241 2736 Gavinium
251 2718 269 2730 =
277 2701 378 2736 Gabinium,
