2068 3216
134 114 143 160 5
315 184 349 219 ns
364 185 574 221 Mauouammaus
590 171 622 220 ΙΙ.
641 172 656 221 6

130 314 192 363 Mox
207 327 311 363 reserare
326 312 392 362 fores
407 312 475 363 iubet
491 314 646 381 ammititque
662 329 784 381 rogantes,

179 385 231 450 Qui
246 396 372 453 tamquam
386 385 465 450 portis
480 386 633 451 procubuere
650 387 730 447 sacris,

130 457 162 505 Et
177 456 256 506 veluti
272 471 337 505 sacra
351 468 488 522 posuerunt
503 473 592 507 munus
608 459 635 506 in
651 474 698 519 ara,

178 527 309 578 Caelitibus
326 527 390 577 divis
406 529 474 594 quod
491 529 552 578 solet
568 529 676 590 attribui,

129 600 195 649 Hinc
210 600 281 650 bellis
297 599 373 649 clarae
388 599 489 666 figentes
506 602 589 650 oscula
606 601 710 661 dextrae,

178 673 208 721 Se
223 671 314 721 vidisse
329 672 412 720 virum
427 687 486 720 mox
501 671 588 721 hilares
605 672 714 722 redeunt.

128 743 228 792 Funeris
245 742 353 792 Aemilio
370 743 499 792 solvuntur
515 744 596 793 debita
611 745 704 794 Paulo:

176 816 263 881 Legati
279 816 372 864 Romae
387 826 446 863 tunc
461 814 560 864 aderant
576 818 709 875 Macetum,

129 886 180 950 Qui
195 887 293 954 pondus
309 886 368 935 clari
384 886 513 936 subeuntes
530 899 618 954 sponte
633 886 724 948 feretri,

176 958 292 1008 Pulcrum
307 975 385 1007 scema
400 969 483 1007 renent
499 959 597 1008 alterius
614 959 727 1025 trophei:

128 1030 188 1080 Eius
204 1047 262 1079 nam
276 1029 332 1078 lecti
348 1029 443 1078 fuerant
458 1030 484 1078 in
499 1029 580 1079 fronte
596 1031 716 1098 triumphi

177 1102 278 1170 Sculpti,
295 1118 357 1169 quos
373 1102 417 1150 illo
433 1101 534 1151 duxerat
549 1119 579 1151 ex
593 1103 707 1169 populo;

128 1175 221 1222 Emilio
236 1174 348 1240 geminus
365 1173 489 1222 Macetum
507 1174 538 1223 de
553 1185 626 1239 gente
641 1174 780 1242 triumphus

175 1246 297 1295 Prestatur
312 1245 372 1293 vivo
389 1256 517 1311 morteque
532 1245 581 1294 iam
596 1245 686 1312 rigido¹

126 1317 202 1366 Filius
218 1316 283 1366 haud
299 1317 387 1365 meruit
403 1317 483 1365 minus
499 1317 651 1366 Aemilianus
667 1317 777 1378 honoris,

176 1388 227 1452 Qui
243 1399 411 1454 cognomento
427 1388 510 1455 Scipio
526 1388 604 1437 dictus
622 1400 687 1439 erat:

126 1460 200 1509 Iussit
214 1460 245 1509 ab
262 1460 377 1527 Hispanis
392 1460 433 1508 isti
448 1459 565 1509 Lucullus
581 1460 612 1509 ad
628 1459 704 1509 Afros

175 1533 252 1581 Causa
267 1530 385 1598 poscendi
400 1531 473 1580 vadat
487 1543 516 1579 ut
531 1532 623 1591 auxilii,

127 1603 209 1666 Quem
224 1603 396 1652 mediastinum
410 1604 476 1670 pacis
493 1602 703 1669 Carthaginienses

175 1676 329 1724 Constituere
345 1674 387 1724 sed
403 1687 426 1724 et
442 1691 484 1724 rex
499 1675 628 1724 Masinissa
644 1675 698 1735 sibi,

125 1748 214 1797 Nescia
229 1747 337 1796 fatorum
353 1747 474 1812 Carthago
491 1746 595 1812 superba
611 1762 720 1806 suorum,

174 1819 260 1868 Postea
276 1835 323 1886 qua
339 1819 404 1867 victa
419 1834 511 1866 nomen
526 1818 546 1866 is
562 1817 619 1867 inde
635 1818 699 1867 tulit.

126 1890 265 1939 Occurrunt
280 1889 353 1939 Asiae
369 1889 462 1938 cunctis
478 1906 508 1938 ex
523 1889 624 1939 urbibus
640 1890 707 1938 ultro

173 1962 276 2021 Rutilio,
291 1961 396 2027 longum
411 1960 471 2010 dum
487 1961 552 2010 subit
567 1961 684 2011 exilium:

125 2034 185 2083 Non
200 2033 248 2082 hoe
264 2033 365 2082 exilium
380 2033 422 2082 sed
438 2032 520 2082 credas
537 2049 588 2082 esse
603 2032 765 2099 triumphum,

173 2104 250 2153 Tanta
264 2104 313 2153 fuit
328 2104 390 2153 varii
405 2104 476 2153 turba
492 2120 594 2171 sequens
610 2104 706 2171 populi.

124 2176 256 2225 Minturnis
273 2176 366 2225 Marius
383 2188 491 2224 servatur
507 2191 600 2224 carcere
616 2175 720 2235 clausus,

172 2248 263 2296 Missus
279 2259 329 2296 erat
345 2247 444 2297 Cimber
459 2247 502 2315 qui
518 2247 626 2296 Marium
641 2246 753 2312 iugulet;

124 2318 232 2368 Territus
248 2318 289 2368 ille
305 2336 387 2368 senem
403 2319 514 2387 quamvis
530 2329 634 2367 armatus
650 2318 776 2377 inermem,

171 2390 276 2440 Abiecto
292 2390 357 2457 fugit
372 2391 485 2456 regulum
500 2390 538 2439 uti
554 2389 654 2456 gladi0;

121 2462 213 2510 Forsan
228 2462 338 2511 devictae
353 2463 432 2528 gentis
449 2477 544 2511 memor
559 2461 639 2511 extitit
654 2460 703 2520 ille,

86 2653 305 2699 34hilares2hsuprascr.
353 2652 568 2698 40sculptirlsuprascr.
618 2651 832 2696 51(cunctis)...(ex)ras.

51 2713 71 2746 52
90 2701 268 2746 (dum)...<subit)ras.
317 2700 425 2746 juregulum
433 2700 602 2735 utiin=ras.al.man.
