2068 3216
791 175 800 205 1
827 174 836 204 Ι

195 241 230 274 uu
245 241 452 277 uuuouimumus
468 227 535 276 VIII.
560 241 630 277 Puou.
647 258 656 265 -
672 229 740 278 VIII.
761 247 770 277 1
806 175 820 223 9

130 872 272 917 EXPLICIT
286 873 331 917 VII
605 873 770 918 PROLOGUS
786 874 841 917 VIII

110 1050 112 1054 ’
131 1031 216 1079 Greci3
233 1031 344 1090 Uraniae,
360 1042 443 1079 nostra
460 1047 521 1097 quae
537 1031 632 1099 Caelica
647 1047 709 1096 voce

178 1102 283 1162 Diceris,
299 1102 348 1150 huc
362 1117 474 1169 propera,
491 1102 596 1152 carmina
611 1114 694 1151 nostru
709 1101 804 1168 proba!

130 1174 172 1223 De
185 1173 283 1239 quibus>
291 1191 321 1222 ex
336 1169 420 1223 causis
430 1173 554 1240 dampnati
564 1174 621 1223 'sive
638 1174 713 1223 soluti

178 1244 283 1294 Infames
298 1244 398 1305 fuerint,
416 1246 512 1306 Uranie,
528 1246 645 1312 loquere!

131 1318 163 1365 Et
179 1318 221 1382 qui
238 1317 347 1366 sollertes
362 1316 453 1365 fuerint
469 1329 493 1366 et
509 1317 550 1385 qui
568 1317 672 1366 studiosi

179 1390 211 1437 Et
227 1389 257 1438 de
272 1387 374 1454 privatis
390 1389 480 1438 dissere
495 1389 604 1438 iuditiisi

132 1460 182 1522 Qui
198 1461 374 1509 commiserunt
389 1478 417 1509 ea
433 1478 494 1528 quae
508 1459 561 1510 fieri
576 1472 715 1519 vetuerunt,

178 1531 224 1580 Vis
239 1532 266 1580 in
281 1530 389 1581 facundo
405 1543 494 1599 quanta
510 1532 542 1581 sit
557 1528 667 1599 eloquio,

132 1603 192 1651 Sunt
208 1619 270 1669 quae
285 1620 337 1652 non
351 1603 421 1652 licuit
437 1603 525 1652 claudo
540 1602 702 1669 praescribere
718 1614 805 1661 metro,

180 1675 295 1741 Congrua
309 1691 354 1741 per
368 1674 422 1724 loca
439 1692 500 1741 quae
516 1675 634 1741 supposui
650 1674 735 1741 cupita.
853 1690 876 1713 10

130 1972 220 2017 LIBER
235 1973 291 2017 VIII

167 2057 212 2101 DE
227 2056 277 2101 HIS
293 2056 350 2113 QUI
365 2053 507 2101 PRAETER
523 2057 602 2100 SPEM
617 2056 804 2102 EVASERUNT

487 2244 496 2274 1

131 2369 246 2419 Mennius
262 2381 366 2428 accusat,
382 2369 430 2418 sibi
446 2369 590 2434 suffragante
606 2381 697 2429 senatu,

179 2440 299 2490 Infamem
314 2440 380 2507 turpi
396 2440 497 2489 crimine
513 2440 656 2500 Gabinium,

131 2513 305 2578 Abruptaeque
321 2513 373 2577 spei
388 2528 442 2561 reus
459 2511 524 2561 idem
540 2524 651 2579 coeperat
667 2529 726 2572 esse,

180 2585 278 2632 Certant
294 2600 406 2632 censores
416 2583 522 2650 ,perdere
539 2584 599 2632 dum
614 2583 719 2649 cupide3

94 2703 141 2738 Ptol.
154 2714 163 2737 2
176 2702 265 2747 (prob).(a)
277 2714 309 2737 ras.
374 2714 381 2746 3
395 2702 460 2745 (uiue)
471 2703 487 2735 in
498 2714 530 2736 ras.
541 2702 563 2736 al.
575 2714 615 2737 man.
677 2714 687 2746 9
699 2711 739 2737 sunt
749 2705 765 2737 in
776 2715 808 2738 ras.
819 2703 841 2738 ol.

60 2762 101 2786 man«
151 2762 170 2785 10
182 2756 215 2784 tota
228 2750 269 2784 linea
282 2752 298 2784 in
312 2761 345 2784 ras.
359 2749 381 2784 al.
395 2761 437 2784 man.
