2068 3216
237 197 493 243 nnnnnonnurmnus
509 192 578 242 VJH.
595 209 611 254 4
626 222 636 229 -
652 193 719 242 VIH.
739 211 747 254 5
797 137 845 186 197

186 336 246 385 Eius
262 352 409 402 magnorum
424 337 460 385 nil
476 351 613 385 memorans
629 351 741 402 operum,

137 408 245 457 Prudens
261 407 376 474 praesidii
391 424 443 456 non
458 408 579 457 inmemor
594 407 667 457 Anna
682 406 768 456 tributi

185 479 259 528 Fovit
273 480 446 547 proscriptum,
462 479 523 528 dum
537 479 615 539 licuit,
631 479 746 528 Marium.

139 550 199 613 Quo
213 551 343 600 veheretur
357 551 484 599 Aricinam
498 562 633 617 praestatur
648 550 678 599 ad
694 549 781 599 urbem

184 622 275 671 Vicino
292 622 390 690 sonipes
407 622 467 671 dum
481 623 543 689 petit
558 640 572 671 a
588 622 700 682 dominu,
862 642 883 675 30

137 694 290 760 Dampnatur
305 692 373 753 furti,
390 694 446 759 quia
461 695 577 743 mentitus
592 693 640 743 fuit
655 693 700 753 illi,

186 766 255 815 Ultra
269 765 409 832 pollicitum
424 766 515 833 quippe
531 766 634 815 minavit
650 781 748 832 equum.

167 955 211 997 DE
226 954 414 998 MULIERIBUS
430 954 517 1011 QUAE
533 954 649 999 CAUSAS
665 954 817 999 EGERUNT

484 1106 492 1150 5

139 1195 221 1258 Quam
237 1195 320 1244 Ticius
335 1200 433 1262 praetor
449 1196 559 1261 cogebat,
575 1195 673 1244 Ameria
689 1198 786 1245 causam

185 1266 251 1315 Ante
266 1266 374 1315 tribunal
390 1278 454 1316 stans
470 1268 521 1333 egit
536 1266 688 1327 honorifice;

138 1338 273 1404 Legitimos
289 1354 404 1387 numeros
420 1350 499 1405 partes
515 1339 634 1406 percurrit
650 1349 674 1387 et
689 1355 783 1399 omnes,

187 1410 254 1472 Quas
271 1410 405 1459 excusantis
422 1410 518 1459 Tullius
534 1427 585 1459 csse
601 1410 690 1469 docet;

138 1482 204 1531 Actu
219 1498 271 1529 non
287 1492 383 1530 tantum
397 1482 481 1548 primo
496 1482 554 1542 seds
562 1481 634 1547 plebe
649 1480 754 1541 favente,
874 1501 881 1533 ε

187 1552 310 1601 Omnibus
327 1564 363 1602 est
379 1552 450 1602 dictis
466 1568 542 1621 paene
558 1553 636 1602 soluta
653 1554 711 1612 suis,

139 1625 171 1674 Et
187 1624 305 1691 quoniam
320 1635 428 1673 mentem
443 1624 518 1690 gessit
533 1636 643 1673 matrona
658 1625 764 1683 virilem,

187 1696 307 1744 Nominat
323 1695 385 1744 hanc
399 1707 467 1745 totus
483 1696 660 1762 Androgenam
674 1696 790 1762 populus.

139 1767 226 1817 Extitit
242 1779 266 1816 et
281 1767 370 1816 Licinii
385 1768 482 1827 coniux,
498 1767 599 1817 Afrania
614 1767 686 1827 dicta,

187 1840 216 1888 ln
233 1838 406 1888 succendendis
421 1839 506 1888 litibus
522 1851 577 1907 apta
592 1839 683 1897 nimis;
863 1859 884 1882 10

139 1910 241 1976 Absque
257 1910 347 1959 rubore
363 1927 417 1959 suas
433 1911 492 1959 haec
508 1927 590 1960 causas
607 1925 702 1977 semper
717 1910 812 1975 agebat,

188 1983 258 2030 Hanc
274 1981 414 2030 defensores
430 1999 482 2031 non
498 1983 555 2048 quia
571 1982 708 2041 deficerent,

141 2054 187 2102 Sed
203 2053 260 2120 quia
275 2053 357 2102 nullus
373 2054 396 2101 ei
411 2053 492 2119 pudor
508 2065 570 2103 esset
585 2054 651 2102 adire
666 2053 781 2112 tribunal,

187 2124 244 2190 lugi
259 2125 346 2173 latratu
361 2125 430 2174 triste
445 2142 545 2174 movere
560 2124 660 2184 fotum3

140 2197 239 2246 Nomen
255 2197 371 2246 matronis
388 2197 474 2246 tribuit
490 2213 550 2263 quae
565 2196 680 2262 litigiosis

187 2269 265 2333 Inque
280 2267 407 2334 pudoratis
423 2268 497 2334 idque
512 2269 556 2317 diu
570 2268 668 2334 viguit:

141 2339 256 2387 Gaudens
271 2339 357 2404 litigiis
373 2338 473 2388 Afrania
495 2340 559 2388 dicta
574 2339 684 2398 refertur,

190 2410 307 2478 Quaeque
322 2410 485 2478 frequentaret
501 2411 640 2477 garrulitate
656 2409 746 2458 forum.

140 2482 289 2548 Impositum
304 2481 382 2531 fuerat
398 2483 515 2531 matronis
531 2483 622 2548 grande
637 2481 765 2541 tributum,

189 2553 266 2619 idque
281 2553 404 2602 triumviri
420 2554 454 2602 eis
470 2554 524 2619 lege
539 2570 605 2603 noua
621 2564 745 2611 statuunt;
864 2575 886 2598 20

141 2625 210 2673 Dum
225 2625 389 2691 patrocinium
403 2624 529 2690 praeberet
544 2641 617 2674 nemo
633 2624 753 2684 virorum,

190 2695 288 2745 Nobilis
305 2696 431 2745 Hortensii
446 2696 495 2746 filia
511 2708 588 2745 rostra
603 2696 681 2764 petit;
