<?xml version="1.0" encoding="UTF-8"?>
<!DOCTYPE html PUBLIC "-//W3C//DTD XHTML 1.0 Transitional//EN"
    "http://www.w3.org/TR/xhtml1/DTD/xhtml1-transitional.dtd">
<html xmlns="http://www.w3.org/1999/xhtml" xml:lang="en" lang="en">
 <head>
  <title>
</title>
<meta http-equiv="Content-Type" content="text/html;charset=utf-8" />
  <meta name='ocr-system' content='tesseract 3.04.00' />
  <meta name='ocr-capabilities' content='ocr_page ocr_carea ocr_par ocr_line ocrx_word'/>
</head>
<body>
  <div class='ocr_page' id='page_1' title='image "MN40034ucmf_3_0180.png"; bbox 0 0 2068 3216; ppageno 0'>
   <div class='ocr_carea' id='block_1_1' title="bbox 257 140 844 254">
    <p class='ocr_par' dir='ltr' id='par_1_1' title="bbox 257 140 844 254">
     <span class='ocr_line' id='line_1_1' title="bbox 257 140 844 254; baseline 0.002 -13"><span class='ocrx_word' id='word_1_1' title='bbox 257 208 291 241; x_wconf 81' lang='lat' dir='ltr'>DE</span> <span class='ocrx_word' id='word_1_2' title='bbox 307 208 517 242; x_wconf 73' lang='lat' dir='ltr'>Muuouammuus</span> <span class='ocrx_word' id='word_1_3' title='bbox 533 193 577 242; x_wconf 86' lang='lat' dir='ltr'>IV.</span> <span class='ocrx_word' id='word_1_4' title='bbox 598 210 606 254; x_wconf 85' lang='lat'><em>5</em></span> <span class='ocrx_word' id='word_1_5' title='bbox 626 222 636 229; x_wconf 89' lang='lat'>-</span> <span class='ocrx_word' id='word_1_6' title='bbox 652 194 696 242; x_wconf 85' lang='lat' dir='ltr'>IV.</span> <span class='ocrx_word' id='word_1_7' title='bbox 715 194 729 242; x_wconf 89' lang='lat'>6</span> <span class='ocrx_word' id='word_1_8' title='bbox 799 140 844 186; x_wconf 77' lang='lat'>105</span> 
     </span>
    </p>
   </div>
   <div class='ocr_carea' id='block_1_2' title="bbox 133 336 809 2040">
    <p class='ocr_par' dir='ltr' id='par_1_2' title="bbox 133 336 809 2040">
     <span class='ocr_line' id='line_1_2' title="bbox 135 336 722 403; baseline 0.002 -18"><span class='ocrx_word' id='word_1_9' title='bbox 135 336 233 385; x_wconf 87' lang='lat' dir='ltr'>Obvius</span> <span class='ocrx_word' id='word_1_10' title='bbox 250 348 274 384; x_wconf 94' lang='lat' dir='ltr'>at</span> <span class='ocrx_word' id='word_1_11' title='bbox 289 352 393 403; x_wconf 82' lang='lat' dir='ltr'>propere</span> <span class='ocrx_word' id='word_1_12' title='bbox 408 337 517 402; x_wconf 89' lang='lat' dir='ltr'>populus</span> <span class='ocrx_word' id='word_1_13' title='bbox 534 337 590 385; x_wconf 89' lang='lat' dir='ltr'>satis</span> <span class='ocrx_word' id='word_1_14' title='bbox 607 336 722 397; x_wconf 90' lang='lat' dir='ltr'>offitiose‚</span> 
     </span>
     <span class='ocr_line' id='line_1_3' title="bbox 184 408 783 477; baseline 0.003 -22"><span class='ocrx_word' id='word_1_15' title='bbox 184 408 326 467; x_wconf 83' lang='lat' dir='ltr'>«Victor»,</span> <span class='ocrx_word' id='word_1_16' title='bbox 337 408 379 467; x_wconf 89' lang='lat' dir='ltr'>ait,</span> <span class='ocrx_word' id='word_1_17' title='bbox 391 420 497 457; x_wconf 83' lang='lat' dir='ltr'>«vestro</span> <span class='ocrx_word' id='word_1_18' title='bbox 514 408 614 474; x_wconf 86' lang='lat' dir='ltr'>dignior</span> <span class='ocrx_word' id='word_1_19' title='bbox 629 408 783 477; x_wconf 84' lang='lat' dir='ltr'>obsequio».</span> 
     </span>
     <span class='ocr_line' id='line_1_4' title="bbox 135 479 787 539; baseline 0.002 -12"><span class='ocrx_word' id='word_1_20' title='bbox 135 480 221 528; x_wconf 86' lang='lat' dir='ltr'>Caesar</span> <span class='ocrx_word' id='word_1_21' title='bbox 236 479 380 528; x_wconf 90' lang='lat' dir='ltr'>vulneribus</span> <span class='ocrx_word' id='word_1_22' title='bbox 396 479 474 528; x_wconf 89' lang='lat' dir='ltr'>tribus</span> <span class='ocrx_word' id='word_1_23' title='bbox 491 492 514 528; x_wconf 90' lang='lat' dir='ltr'>et</span> <span class='ocrx_word' id='word_1_24' title='bbox 531 480 610 529; x_wconf 91' lang='lat' dir='ltr'>decies</span> <span class='ocrx_word' id='word_1_25' title='bbox 627 480 664 530; x_wconf 91' lang='lat' dir='ltr'>bis</span> <span class='ocrx_word' id='word_1_26' title='bbox 680 481 787 539; x_wconf 83' lang='lat' dir='ltr'>adactus,</span> 
     </span>
     <span class='ocr_line' id='line_1_5' title="bbox 184 551 723 619; baseline 0.004 -20"><span class='ocrx_word' id='word_1_27' title='bbox 184 551 292 600; x_wconf 89' lang='lat' dir='ltr'>Collecta</span> <span class='ocrx_word' id='word_1_28' title='bbox 307 552 415 607; x_wconf 89' lang='lat' dir='ltr'>moriens</span> <span class='ocrx_word' id='word_1_29' title='bbox 431 563 499 600; x_wconf 91' lang='lat' dir='ltr'>veste</span> <span class='ocrx_word' id='word_1_30' title='bbox 514 551 629 619; x_wconf 88' lang='lat' dir='ltr'>pudenda</span> <span class='ocrx_word' id='word_1_31' title='bbox 644 553 723 618; x_wconf 79' lang='lat' dir='ltr'>tegit3</span> 
     </span>
     <span class='ocr_line' id='line_1_6' title="bbox 136 623 772 691; baseline 0 -20"><span class='ocrx_word' id='word_1_32' title='bbox 136 623 187 685; x_wconf 89' lang='lat' dir='ltr'>Qui</span> <span class='ocrx_word' id='word_1_33' title='bbox 203 623 289 671; x_wconf 88' lang='lat' dir='ltr'>necin</span> <span class='ocrx_word' id='word_1_34' title='bbox 305 624 418 671; x_wconf 86' lang='lat' dir='ltr'>extremis</span> <span class='ocrx_word' id='word_1_35' title='bbox 434 624 511 671; x_wconf 90' lang='lat' dir='ltr'>caruit</span> <span class='ocrx_word' id='word_1_36' title='bbox 527 624 645 689; x_wconf 82' lang='lat' dir='ltr'>gravitate</span> <span class='ocrx_word' id='word_1_37' title='bbox 661 624 772 691; x_wconf 90' lang='lat' dir='ltr'>pudoris,</span> 
     </span>
     <span class='ocr_line' id='line_1_7' title="bbox 184 695 732 762; baseline 0.004 -19"><span class='ocrx_word' id='word_1_38' title='bbox 184 696 217 744; x_wconf 94' lang='lat' dir='ltr'>Ut</span> <span class='ocrx_word' id='word_1_39' title='bbox 233 695 422 761; x_wconf 89' lang='lat' dir='ltr'>circumspectus</span> <span class='ocrx_word' id='word_1_40' title='bbox 438 695 527 743; x_wconf 84' lang='lat' dir='ltr'>vixerit</span> <span class='ocrx_word' id='word_1_41' title='bbox 543 695 600 744; x_wconf 90' lang='lat' dir='ltr'>hinc</span> <span class='ocrx_word' id='word_1_42' title='bbox 616 697 732 762; x_wconf 82' lang='lat' dir='ltr'>capimus.</span> 
     </span>
     <span class='ocr_line' id='line_1_8' title="bbox 135 766 790 826; baseline 0.003 -12"><span class='ocrx_word' id='word_1_43' title='bbox 135 766 240 814; x_wconf 79' lang='lat' dir='ltr'>Protulit</span> <span class='ocrx_word' id='word_1_44' title='bbox 256 767 357 815; x_wconf 88' lang='lat' dir='ltr'>eximiae</span> <span class='ocrx_word' id='word_1_45' title='bbox 372 767 487 815; x_wconf 87' lang='lat' dir='ltr'>iuvenem</span> <span class='ocrx_word' id='word_1_46' title='bbox 503 779 572 815; x_wconf 82' lang='lat' dir='ltr'>sacra</span> <span class='ocrx_word' id='word_1_47' title='bbox 585 767 674 816; x_wconf 79' lang='lat' dir='ltr'>Tuscia</span> <span class='ocrx_word' id='word_1_48' title='bbox 689 767 790 826; x_wconf 86' lang='lat' dir='ltr'>formae,</span> 
     </span>
     <span class='ocr_line' id='line_1_9' title="bbox 183 837 724 906; baseline 0.002 -20"><span class='ocrx_word' id='word_1_49' title='bbox 183 838 230 886; x_wconf 91' lang='lat' dir='ltr'>Cui</span> <span class='ocrx_word' id='word_1_50' title='bbox 246 838 301 887; x_wconf 81' lang='lat' dir='ltr'>viso</span> <span class='ocrx_word' id='word_1_51' title='bbox 319 838 391 886; x_wconf 90' lang='lat' dir='ltr'>subdi</span> <span class='ocrx_word' id='word_1_52' title='bbox 406 837 497 887; x_wconf 88' lang='lat' dir='ltr'>femina</span> <span class='ocrx_word' id='word_1_53' title='bbox 514 855 623 906; x_wconf 89' lang='lat' dir='ltr'>quaeque</span> <span class='ocrx_word' id='word_1_54' title='bbox 639 840 724 906; x_wconf 91' lang='lat' dir='ltr'>cupit;</span> 
     </span>
     <span class='ocr_line' id='line_1_10' title="bbox 135 910 651 977; baseline 0.002 -20"><span class='ocrx_word' id='word_1_55' title='bbox 135 910 228 958; x_wconf 90' lang='lat' dir='ltr'>Callent</span> <span class='ocrx_word' id='word_1_56' title='bbox 244 910 343 976; x_wconf 87' lang='lat' dir='ltr'>zelotipi</span> <span class='ocrx_word' id='word_1_57' title='bbox 359 922 446 977; x_wconf 88' lang='lat' dir='ltr'>nuptas</span> <span class='ocrx_word' id='word_1_58' title='bbox 463 910 546 959; x_wconf 89' lang='lat' dir='ltr'>ardere</span> <span class='ocrx_word' id='word_1_59' title='bbox 562 911 651 970; x_wconf 88' lang='lat' dir='ltr'>mariti,</span> 
     </span>
     <span class='ocr_line' id='line_1_11' title="bbox 184 982 755 1047; baseline 0.004 -18"><span class='ocrx_word' id='word_1_60' title='bbox 184 982 296 1046; x_wconf 89' lang='lat' dir='ltr'>Quisque</span> <span class='ocrx_word' id='word_1_61' title='bbox 311 992 380 1047; x_wconf 88' lang='lat' dir='ltr'>pater</span> <span class='ocrx_word' id='word_1_62' title='bbox 395 993 477 1029; x_wconf 90' lang='lat' dir='ltr'>natam</span> <span class='ocrx_word' id='word_1_63' title='bbox 493 982 567 1030; x_wconf 87' lang='lat' dir='ltr'>sensit</span> <span class='ocrx_word' id='word_1_64' title='bbox 583 999 663 1031; x_wconf 90' lang='lat' dir='ltr'>amare</span> <span class='ocrx_word' id='word_1_65' title='bbox 679 999 755 1041; x_wconf 92' lang='lat' dir='ltr'>suam,</span> 
     </span>
     <span class='ocr_line' id='line_1_12' title="bbox 134 1053 723 1121; baseline 0.003 -21"><span class='ocrx_word' id='word_1_66' title='bbox 134 1053 210 1101; x_wconf 86' lang='lat' dir='ltr'>iratus</span> <span class='ocrx_word' id='word_1_67' title='bbox 228 1065 322 1101; x_wconf 86' lang='lat' dir='ltr'>castum</span> <span class='ocrx_word' id='word_1_68' title='bbox 336 1065 405 1119; x_wconf 87' lang='lat' dir='ltr'>pater</span> <span class='ocrx_word' id='word_1_69' title='bbox 421 1065 445 1101; x_wconf 89' lang='lat' dir='ltr'>et</span> <span class='ocrx_word' id='word_1_70' title='bbox 460 1053 499 1101; x_wconf 88' lang='lat' dir='ltr'>vir</span> <span class='ocrx_word' id='word_1_71' title='bbox 515 1054 576 1102; x_wconf 91' lang='lat' dir='ltr'>zelat</span> <span class='ocrx_word' id='word_1_72' title='bbox 593 1054 723 1121; x_wconf 85' lang='lat' dir='ltr'>ephebum,</span> 
     </span>
     <span class='ocr_line' id='line_1_13' title="bbox 184 1124 745 1191; baseline 0.004 -19"><span class='ocrx_word' id='word_1_73' title='bbox 184 1126 329 1191; x_wconf 86' lang='lat' dir='ltr'>Suspectum</span> <span class='ocrx_word' id='word_1_74' title='bbox 344 1125 438 1173; x_wconf 83' lang='lat' dir='ltr'>iuvenis</span> <span class='ocrx_word' id='word_1_75' title='bbox 456 1142 481 1173; x_wconf 86' lang='lat' dir='ltr'>se</span> <span class='ocrx_word' id='word_1_76' title='bbox 497 1124 564 1173; x_wconf 87' lang='lat' dir='ltr'>dolet</span> <span class='ocrx_word' id='word_1_77' title='bbox 580 1125 621 1174; x_wconf 93' lang='lat' dir='ltr'>ille</span> <span class='ocrx_word' id='word_1_78' title='bbox 637 1126 718 1185; x_wconf 91' lang='lat' dir='ltr'>nimis,</span> <span class='ocrx_word' id='word_1_79' title='bbox 743 1137 745 1140; x_wconf 84' lang='lat'>&#39;</span> 
     </span>
     <span class='ocr_line' id='line_1_14' title="bbox 135 1196 738 1261; baseline 0.005 -18"><span class='ocrx_word' id='word_1_80' title='bbox 135 1197 166 1243; x_wconf 85' lang='lat' dir='ltr'>Et</span> <span class='ocrx_word' id='word_1_81' title='bbox 182 1196 255 1245; x_wconf 90' lang='lat' dir='ltr'>nimis</span> <span class='ocrx_word' id='word_1_82' title='bbox 271 1197 394 1261; x_wconf 88' lang='lat' dir='ltr'>insignem</span> <span class='ocrx_word' id='word_1_83' title='bbox 410 1196 504 1245; x_wconf 77' lang='lat' dir='ltr'>mauult</span> <span class='ocrx_word' id='word_1_84' title='bbox 520 1197 600 1246; x_wconf 93' lang='lat' dir='ltr'>delere</span> <span class='ocrx_word' id='word_1_85' title='bbox 616 1197 738 1256; x_wconf 88' lang='lat' dir='ltr'>decorem,</span> 
     </span>
     <span class='ocr_line' id='line_1_15' title="bbox 183 1267 746 1317; baseline 0.002 -1"><span class='ocrx_word' id='word_1_86' title='bbox 183 1267 274 1317; x_wconf 87' lang='lat' dir='ltr'>Foedat</span> <span class='ocrx_word' id='word_1_87' title='bbox 290 1267 324 1316; x_wconf 94' lang='lat' dir='ltr'>ob</span> <span class='ocrx_word' id='word_1_88' title='bbox 340 1267 366 1316; x_wconf 94' lang='lat' dir='ltr'>id</span> <span class='ocrx_word' id='word_1_89' title='bbox 382 1268 480 1317; x_wconf 82' lang='lat' dir='ltr'>niveam</span> <span class='ocrx_word' id='word_1_90' title='bbox 495 1269 638 1317; x_wconf 87' lang='lat' dir='ltr'>vulneribus</span> <span class='ocrx_word' id='word_1_91' title='bbox 654 1269 746 1317; x_wconf 85' lang='lat' dir='ltr'>fatiem.</span> 
     </span>
     <span class='ocr_line' id='line_1_16' title="bbox 134 1339 802 1407; baseline 0 -20"><span class='ocrx_word' id='word_1_92' title='bbox 134 1339 175 1388; x_wconf 79' lang='lat' dir='ltr'>Ad</span> <span class='ocrx_word' id='word_1_93' title='bbox 190 1339 314 1388; x_wconf 82' lang='lat' dir='ltr'>theatrum</span> <span class='ocrx_word' id='word_1_94' title='bbox 329 1351 436 1405; x_wconf 82' lang='lat' dir='ltr'>spectare</span> <span class='ocrx_word' id='word_1_95' title='bbox 453 1357 526 1388; x_wconf 84' lang='lat' dir='ltr'>senex</span> <span class='ocrx_word' id='word_1_96' title='bbox 540 1342 682 1407; x_wconf 90' lang='lat' dir='ltr'>properavit</span> <span class='ocrx_word' id='word_1_97' title='bbox 698 1339 802 1389; x_wconf 86' lang='lat' dir='ltr'>Athenis</span> 
     </span>
     <span class='ocr_line' id='line_1_17' title="bbox 184 1411 783 1478; baseline 0 -19"><span class='ocrx_word' id='word_1_98' title='bbox 184 1412 248 1459; x_wconf 89' lang='lat' dir='ltr'>Cum</span> <span class='ocrx_word' id='word_1_99' title='bbox 262 1411 359 1478; x_wconf 90' lang='lat' dir='ltr'>populo</span> <span class='ocrx_word' id='word_1_100' title='bbox 375 1411 456 1470; x_wconf 91' lang='lat' dir='ltr'>ludos,</span> <span class='ocrx_word' id='word_1_101' title='bbox 473 1411 514 1460; x_wconf 86' lang='lat' dir='ltr'>dat</span> <span class='ocrx_word' id='word_1_102' title='bbox 531 1411 577 1460; x_wconf 91' lang='lat' dir='ltr'>sibi</span> <span class='ocrx_word' id='word_1_103' title='bbox 592 1429 666 1461; x_wconf 92' lang='lat' dir='ltr'>nemo</span> <span class='ocrx_word' id='word_1_104' title='bbox 683 1412 767 1460; x_wconf 88' lang='lat' dir='ltr'>locum</span> <span class='ocrx_word' id='word_1_105' title='bbox 776 1430 783 1470; x_wconf 88' lang='lat'>;</span> 
     </span>
     <span class='ocr_line' id='line_1_18' title="bbox 134 1482 649 1550; baseline 0.004 -20"><span class='ocrx_word' id='word_1_106' title='bbox 134 1483 219 1548; x_wconf 80' lang='lat' dir='ltr'>Legati</span> <span class='ocrx_word' id='word_1_107' title='bbox 236 1483 408 1531; x_wconf 89' lang='lat' dir='ltr'>Lacedemonii</span> <span class='ocrx_word' id='word_1_108' title='bbox 425 1482 649 1550; x_wconf 80' lang='lat' dir='ltr'>sedere&#39;sequestri,</span> 
     </span>
     <span class='ocr_line' id='line_1_19' title="bbox 182 1554 688 1619; baseline -0.002 -16"><span class='ocrx_word' id='word_1_109' title='bbox 182 1554 223 1603; x_wconf 83' lang='lat' dir='ltr'>Ad</span> <span class='ocrx_word' id='word_1_110' title='bbox 240 1571 302 1619; x_wconf 86' lang='lat' dir='ltr'>quos</span> <span class='ocrx_word' id='word_1_111' title='bbox 319 1554 419 1603; x_wconf 82' lang='lat' dir='ltr'>divertit</span> <span class='ocrx_word' id='word_1_112' title='bbox 435 1555 536 1603; x_wconf 88' lang='lat' dir='ltr'>callidus</span> <span class='ocrx_word' id='word_1_113' title='bbox 551 1555 593 1603; x_wconf 89' lang='lat' dir='ltr'>ille</span> <span class='ocrx_word' id='word_1_114' title='bbox 609 1573 688 1614; x_wconf 83' lang='lat' dir='ltr'>senex,</span> 
     </span>
     <span class='ocr_line' id='line_1_20' title="bbox 133 1625 594 1675; baseline 0.004 -2"><span class='ocrx_word' id='word_1_115' title='bbox 133 1626 172 1673; x_wconf 87' lang='lat' dir='ltr'>illi</span> <span class='ocrx_word' id='word_1_116' title='bbox 189 1625 301 1674; x_wconf 90' lang='lat' dir='ltr'>candenti</span> <span class='ocrx_word' id='word_1_117' title='bbox 317 1643 376 1674; x_wconf 88' lang='lat' dir='ltr'>mox</span> <span class='ocrx_word' id='word_1_118' title='bbox 392 1643 478 1675; x_wconf 90' lang='lat' dir='ltr'>omnes</span> <span class='ocrx_word' id='word_1_119' title='bbox 494 1627 594 1675; x_wconf 88' lang='lat' dir='ltr'>caniciei</span> 
     </span>
     <span class='ocr_line' id='line_1_21' title="bbox 183 1697 771 1764; baseline 0.002 -19"><span class='ocrx_word' id='word_1_120' title='bbox 183 1697 332 1763; x_wconf 82' lang='lat' dir='ltr'>Assurgunt,</span> <span class='ocrx_word' id='word_1_121' title='bbox 349 1699 459 1764; x_wconf 92' lang='lat' dir='ltr'>amplum</span> <span class='ocrx_word' id='word_1_122' title='bbox 474 1715 550 1747; x_wconf 90' lang='lat' dir='ltr'>necne</span> <span class='ocrx_word' id='word_1_123' title='bbox 567 1698 655 1747; x_wconf 91' lang='lat' dir='ltr'>dedere</span> <span class='ocrx_word' id='word_1_124' title='bbox 670 1699 771 1756; x_wconf 90' lang='lat' dir='ltr'>locum;</span> 
     </span>
     <span class='ocr_line' id='line_1_22' title="bbox 135 1769 711 1834; baseline 0.003 -18"><span class='ocrx_word' id='word_1_125' title='bbox 135 1770 254 1817; x_wconf 87' lang='lat' dir='ltr'>Externae</span> <span class='ocrx_word' id='word_1_126' title='bbox 270 1770 349 1834; x_wconf 87' lang='lat' dir='ltr'>gentis</span> <span class='ocrx_word' id='word_1_127' title='bbox 366 1769 459 1817; x_wconf 85' lang='lat' dir='ltr'>factum</span> <span class='ocrx_word' id='word_1_128' title='bbox 473 1769 594 1819; x_wconf 76' lang='lat' dir='ltr'>laudabile</span> <span class='ocrx_word' id='word_1_129' title='bbox 610 1782 711 1818; x_wconf 88' lang='lat' dir='ltr'>cunctus</span> 
     </span>
     <span class='ocr_line' id='line_1_23' title="bbox 182 1841 694 1908; baseline 0.004 -20"><span class='ocrx_word' id='word_1_130' title='bbox 182 1841 280 1906; x_wconf 83' lang='lat' dir='ltr'>ingenti</span> <span class='ocrx_word' id='word_1_131' title='bbox 295 1841 383 1907; x_wconf 92' lang='lat' dir='ltr'>plausu</span> <span class='ocrx_word' id='word_1_132' title='bbox 397 1842 556 1908; x_wconf 87' lang='lat' dir='ltr'>prosequitur</span> <span class='ocrx_word' id='word_1_133' title='bbox 570 1841 694 1908; x_wconf 89' lang='lat' dir='ltr'>populus:</span> 
     </span>
     <span class='ocr_line' id='line_1_24' title="bbox 135 1912 809 1980; baseline 0 -21"><span class='ocrx_word' id='word_1_134' title='bbox 135 1913 204 1960; x_wconf 91' lang='lat' dir='ltr'>Unus</span> <span class='ocrx_word' id='word_1_135' title='bbox 222 1913 343 1978; x_wconf 80' lang='lat' dir='ltr'>praeclare</span> <span class='ocrx_word' id='word_1_136' title='bbox 361 1913 553 1979; x_wconf 87' lang='lat' dir='ltr'>Sparthanorum</span> <span class='ocrx_word' id='word_1_137' title='bbox 568 1914 657 1980; x_wconf 83' lang='lat' dir='ltr'>inquit,</span> <span class='ocrx_word' id='word_1_138' title='bbox 675 1912 809 1961; x_wconf 81' lang='lat' dir='ltr'>«Athenae</span> 
     </span>
     <span class='ocr_line' id='line_1_25' title="bbox 183 1983 755 2040; baseline 0.003 -9"><span class='ocrx_word' id='word_1_139' title='bbox 183 1983 273 2032; x_wconf 84' lang='lat' dir='ltr'>Dicere</span> <span class='ocrx_word' id='word_1_140' title='bbox 289 1996 353 2032; x_wconf 89' lang='lat' dir='ltr'>recta</span> <span class='ocrx_word' id='word_1_141' title='bbox 370 1984 449 2032; x_wconf 90' lang='lat' dir='ltr'>sciunt</span> <span class='ocrx_word' id='word_1_142' title='bbox 466 1984 508 2033; x_wconf 92' lang='lat' dir='ltr'>sed</span> <span class='ocrx_word' id='word_1_143' title='bbox 524 1996 629 2040; x_wconf 89' lang='lat' dir='ltr'>renuunt</span> <span class='ocrx_word' id='word_1_144' title='bbox 645 1984 755 2033; x_wconf 80' lang='lat' dir='ltr'>facere».</span> 
     </span>
    </p>
   </div>
   <div class='ocr_carea' id='block_1_3' title="bbox 310 2125 674 2170">
    <p class='ocr_par' dir='ltr' id='par_1_3' title="bbox 310 2125 674 2170">
     <span class='ocr_line' id='line_1_26' title="bbox 310 2125 674 2170; baseline 0.005 -2"><span class='ocrx_word' id='word_1_145' title='bbox 310 2125 353 2168; x_wconf 90' lang='lat' dir='ltr'>DE</span> <span class='ocrx_word' id='word_1_146' title='bbox 369 2125 483 2169; x_wconf 88' lang='lat' dir='ltr'><strong>AMORE</strong></span> <span class='ocrx_word' id='word_1_147' title='bbox 499 2126 674 2170; x_wconf 82' lang='lat' dir='ltr'>CONIUGALI</span> 
     </span>
    </p>
   </div>
   <div class='ocr_carea' id='block_1_4' title="bbox 136 2342 810 2481">
    <p class='ocr_par' dir='ltr' id='par_1_4' title="bbox 136 2342 810 2481">
     <span class='ocr_line' id='line_1_27' title="bbox 136 2342 752 2410; baseline 0.003 -20"><span class='ocrx_word' id='word_1_148' title='bbox 136 2344 165 2391; x_wconf 89' lang='lat' dir='ltr'>In</span> <span class='ocrx_word' id='word_1_149' title='bbox 176 2342 291 2390; x_wconf 89' lang='lat' dir='ltr'>domibus</span> <span class='ocrx_word' id='word_1_150' title='bbox 303 2342 408 2390; x_wconf 87' lang='lat' dir='ltr'>Gracchi</span> <span class='ocrx_word' id='word_1_151' title='bbox 425 2343 553 2410; x_wconf 89' lang='lat' dir='ltr'>capiuntur</span> <span class='ocrx_word' id='word_1_152' title='bbox 568 2343 632 2391; x_wconf 85' lang='lat' dir='ltr'>forte</span> <span class='ocrx_word' id='word_1_153' title='bbox 648 2344 752 2403; x_wconf 87' lang='lat' dir='ltr'>colubri,</span> 
     </span>
     <span class='ocr_line' id='line_1_28' title="bbox 184 2414 810 2481; baseline 0.005 -20"><span class='ocrx_word' id='word_1_154' title='bbox 184 2414 283 2462; x_wconf 90' lang='lat' dir='ltr'>Femina</span> <span class='ocrx_word' id='word_1_155' title='bbox 299 2430 399 2481; x_wconf 85' lang='lat' dir='ltr'>masque</span> <span class='ocrx_word' id='word_1_156' title='bbox 416 2414 497 2473; x_wconf 89' lang='lat' dir='ltr'>simul,</span> <span class='ocrx_word' id='word_1_157' title='bbox 514 2414 544 2463; x_wconf 93' lang='lat' dir='ltr'>de</span> <span class='ocrx_word' id='word_1_158' title='bbox 561 2415 650 2481; x_wconf 89' lang='lat' dir='ltr'>quibus</span> <span class='ocrx_word' id='word_1_159' title='bbox 666 2432 745 2481; x_wconf 83' lang='lat' dir='ltr'>augur</span> <span class='ocrx_word' id='word_1_160' title='bbox 760 2416 810 2465; x_wconf 85' lang='lat' dir='ltr'>ait:</span> 
     </span>
    </p>
   </div>
   <div class='ocr_carea' id='block_1_5' title="bbox 137 2485 826 2624">
    <p class='ocr_par' dir='ltr' id='par_1_5' title="bbox 137 2485 826 2624">
     <span class='ocr_line' id='line_1_29' title="bbox 137 2485 805 2546; baseline 0.004 -14"><span class='ocrx_word' id='word_1_161' title='bbox 137 2486 259 2534; x_wconf 86' lang='lat' dir='ltr'>«Femina</span> <span class='ocrx_word' id='word_1_162' title='bbox 275 2485 295 2534; x_wconf 91' lang='lat' dir='ltr'>si</span> <span class='ocrx_word' id='word_1_163' title='bbox 311 2486 430 2544; x_wconf 80' lang='lat' dir='ltr'>atteritur,</span> <span class='ocrx_word' id='word_1_164' title='bbox 447 2498 557 2534; x_wconf 90' lang='lat' dir='ltr'>matrona</span> <span class='ocrx_word' id='word_1_165' title='bbox 573 2486 662 2535; x_wconf 89' lang='lat' dir='ltr'>domus</span> <span class='ocrx_word' id='word_1_166' title='bbox 679 2487 805 2546; x_wconf 89' lang='lat' dir='ltr'>morietur,</span> 
     </span>
     <span class='ocr_line' id='line_1_30' title="bbox 186 2557 826 2624; baseline 0.003 -20"><span class='ocrx_word' id='word_1_167' title='bbox 186 2557 210 2605; x_wconf 89' lang='lat' dir='ltr'>Si</span> <span class='ocrx_word' id='word_1_168' title='bbox 227 2574 277 2605; x_wconf 83' lang='lat' dir='ltr'>mas</span> <span class='ocrx_word' id='word_1_169' title='bbox 293 2558 436 2623; x_wconf 84' lang='lat' dir='ltr'>percutitur,</span> <span class='ocrx_word' id='word_1_170' title='bbox 453 2558 492 2606; x_wconf 84' lang='lat' dir='ltr'>vir</span> <span class='ocrx_word' id='word_1_171' title='bbox 509 2575 608 2624; x_wconf 89' lang='lat' dir='ltr'>quoque</span> <span class='ocrx_word' id='word_1_172' title='bbox 623 2559 786 2623; x_wconf 87' lang='lat' dir='ltr'>praemoritur</span> <span class='ocrx_word' id='word_1_173' title='bbox 795 2578 826 2617; x_wconf 86' lang='lat'>»;</span> 
     </span>
    </p>
   </div>
   <div class='ocr_carea' id='block_1_6' title="bbox 100 2722 298 2766">
    <p class='ocr_par' dir='ltr' id='par_1_6' title="bbox 100 2722 298 2766">
     <span class='ocr_line' id='line_1_31' title="bbox 100 2722 298 2766; baseline -0.005 -10"><span class='ocrx_word' id='word_1_174' title='bbox 100 2722 122 2764; x_wconf 80' lang='lat'>46</span> <span class='ocrx_word' id='word_1_175' title='bbox 135 2722 226 2766; x_wconf 76' lang='lat' dir='ltr'>(capnmus</span> <span class='ocrx_word' id='word_1_176' title='bbox 238 2724 254 2756; x_wconf 85' lang='lat' dir='ltr'>in</span> <span class='ocrx_word' id='word_1_177' title='bbox 266 2734 298 2756; x_wconf 84' lang='lat' dir='ltr'>ras.</span> 
     </span>
    </p>
   </div>
   <div class='ocr_carea' id='block_1_7' title="bbox 0 0 1038 3216">
    <p class='ocr_par' dir='ltr' id='par_1_7' title="bbox 0 0 1038 3216">
     <span class='ocr_line' id='line_1_32' title="bbox 0 0 1038 3216; baseline 0 0"><span class='ocrx_word' id='word_1_178' title='bbox 0 0 1038 3216; x_wconf 95' lang='lat' dir='ltr'> </span> 
     </span>
    </p>
   </div>
  </div>
 </body>
</html>
