2068 3216
464 211 583 248 nussum
608 198 656 246 VH

205 343 314 409 Angitur
328 342 445 401 inmensis
460 341 556 390 nutanti
570 351 671 407 pectore
686 340 759 400 curis,
800 342 801 346 ’

253 416 329 464 Porus
345 425 418 480 atque
433 413 483 463 cibi
498 412 565 462 tedet
579 412 680 478 abitque
695 427 778 480 sopor.

206 487 339 535 Fortunam
353 484 453 535 tandem
467 499 511 552 per
527 501 552 533 se
568 495 695 551 temptare,
711 484 802 538 coactis

254 556 376 606 Omnibus
392 556 490 622 imperii
504 555 631 621 relliquiis,
646 555 745 622 placuit.

205 629 275 678 Velle
291 628 448 677 Boamundus
459 627 549 676 'sollers
566 626 695 694 deprendit
710 639 738 676 ut
753 628 814 688 eius,

252 700 380 767 Dispersas
396 699 488 765 aquilas
505 699 573 765 cogit
588 700 679 765 etipse
695 716 757 749 suas.

206 772 344 821 Occurrunt
359 772 449 838 patulis
465 770 601 820 Avallonae
617 770 663 820 sibi
679 764 778 837 campis,
829 824 831 829 ,

253 842 365 893 Proxima
380 842 503 892 Dirrachii
519 842 624 891 solvitur
640 840 754 902 obsidio;

205 915 300 964 Proelia
316 914 361 964 sub
376 915 463 981 primis
480 913 583 963 ducibus
599 913 710 963 rediviva
726 926 853 980 geruntur,
873 969 875 971 ,

253 987 435 1051 Caesorumque
450 986 507 1035 loco
523 985 674 1034 substituunt
689 985 768 1045 ali0s;

204 1058 301 1125 Ingenti
316 1059 407 1107 virtute
422 1057 643 1123 virumpugnatur
658 1057 790 1122 utrimque,

253 1131 329 1179 Heret
344 1129 410 1178 Mars
427 1129 516 1178 dubius
533 1129 573 1178 cui
588 1128 668 1178 faveat
682 1130 775 1196 potius.

204 1201 238 1251 At
254 1212 417 1268 sportatarum
431 1199 584 1268 perpendens
599 1200 626 1249 id
640 1201 769 1267 legionum

251 1273 311 1322 Dux
325 1274 436 1322 invectus
453 1289 518 1339 equo
534 1271 681 1340 bellipotens
698 1273 809 1333 Calabro,

203 1346 313 1409 Increpat
328 1344 440 1394 emeritas
455 1344 590 1394 vallantum
606 1360 631 1393 se
646 1344 765 1410 legiones,

252 1417 332 1465 «Heu
348 1432 434 1482 segnes
444 1415 517 1465 ‘vinci
532 1433 584 1464 non
599 1415 681 1482 pudor
697 1427 733 1465 est
749 1417 819 1476 socii,

204 1488 295 1537 Hostes
312 1487 354 1553 qui
367 1487 454 1553 gladio
471 1503 566 1554 semper
580 1486 680 1536 fudistis
695 1487 776 1536 inulto
793 1487 804 1537 ?

251 1559 275 1607 A
291 1575 365 1625 grege
381 1576 433 1607 non
449 1559 527 1608 subici
543 1560 659 1608 semiviro
675 1559 758 1626 pudor
773 1572 809 1608 est
825 1559 836 1608 ?

205 1631 323 1696 Quosque
339 1630 447 1697 gigantei
463 1647 598 1697 numquam
612 1629 708 1696 fregere
722 1632 805 1680 lacerti

252 1702 355 1750 Enervis
371 1702 450 1761 miles,
465 1717 512 1770 pro
528 1702 617 1767 pudor,
634 1720 665 1751 en
681 1703 793 1768 superati

203 1774 262 1822 Dux
276 1773 302 1821 in
317 1774 460 1830 Amazoniis
476 1774 566 1824 vellem
580 1774 658 1840 magis
675 1790 726 1823 esse
742 1774 854 1834 catervis,

252 1845 333 1907 Quam
349 1844 448 1894 ductare
463 1845 531 1894 viros
547 1845 582 1894 sic
596 1844 695 1911 fragiles
710 1846 811 1905 anim0;

62 1924 75 1961 f.
87 1936 133 1970 130v
203 1916 330 1965 Pentisilea
346 1917 395 1965 suis
410 1917 505 1965 utinam
520 1917 634 1965 comitata
649 1917 741 1983 puellis
915 1938 947 1972 405

250 1987 354 2047 Afforet,
371 1988 487 2037 obtrisset
502 1988 544 2038 has
561 2004 588 2037 ea
603 2005 663 2037 mox
677 1988 737 2037 aties
748 1990 753 2037 1
764 2007 778 2037 ›>

202 2059 289 2107 Acrius
305 2058 432 2108 hicdictis
448 2061 526 2109 virtus
543 2060 644 2109 exercita
660 2060 738 2120 bellis,

250 2131 364 2196 Namque
378 2131 461 2197 pudor
476 2132 545 2197 cogit
560 2132 644 2197 iraque
659 2143 726 2180 mota
741 2131 811 2191 furit,

202 2202 333 2268 Densaque
347 2203 501 2268 Graiugenae
512 2218 672 2270 perrumpens
685 2203 785 2269 agmina
797 2216 899 2263 turmae,

251 2274 288 2322 Ex
302 2274 355 2340 ipsa
371 2286 462 2340 strages
479 2274 557 2324 edidit
571 2275 718 2324 innumeras.
914 2296 949 2328 410

202 2345 325 2393 Duxerat
341 2345 489 2395 Anthilocus
505 2346 583 2395 dextri
599 2347 639 2394 cui
655 2346 743 2395 Grecia
758 2362 849 2395 comus

250 2417 357 2476 Patebat,
373 2417 479 2484 primam
492 2417 603 2484 prodidit
618 2417 660 2466 ille
675 2417 777 2484 fugam;

201 2487 301 2553 Inpiger
315 2488 420 2554 inspexit
436 2489 545 2549 Polemo,
563 2489 612 2538 dux
627 2490 680 2555 ipse
696 2490 806 2538 sinistrae

166 2632 196 2674 383
209 2629 300 2665 inmensis:
318 2641 330 2664 n
345 2637 423 2674 suprascr.
496 2631 527 2675 386
545 2630 615 2676 reliquis
632 2630 682 2674 Μαί.
756 2635 786 2676 387
804 2630 846 2666 belli
862 2631 913 2675 jmal.

132 2688 162 2721 393
178 2677 266 2721 utrinque·
274 2676 325 2720 senal.
383 2695 384 2698 ¹
397 2690 427 2723 395
444 2686 573 2722 sportatarum:
586 2688 603 2713 ta
618 2685 697 2722 stprascr.
769 2690 803 2721 400
817 2690 851 2714 nec
861 2679 912 2723 saal.

131 2735 152 2767 40
154 2737 162 2770 3
175 2725 275 2769 (ca)ter(vis)
283 2728 299 2759 in
306 2737 339 2760 ras.
386 2730 418 2768 408
427 2732 460 2760 tota
466 2726 507 2760 linea
513 2728 530 2760 in
537 2737 569 2761 ras.
