2068 3216
822 172 854 223 4⁴9

335 244 369 279 un
384 243 591 292 uunomunmus
606 230 637 278 Π.
657 246 667 292 3

4 384 17 420 f.
29 395 65 418 m
196 374 298 423 Nomen
306 371 393 430 habere
403 384 493 432 vetant,
504 371 573 439 quod
583 371 629 421 sibi
639 388 691 436 non
700 371 816 423 dederant
825 391 832 432 ;

147 445 171 494 A
186 445 275 512 quibus
290 445 347 509 hinc
358 444 448 493 'consul
463 445 550 495 merito
566 443 676 507 dictante¹
686 455 778 500 creatus
868 465 889 499 95

195 516 300 566 Proterit
316 516 447 582 Hispanos
463 516 541 565 vincit
555 515 708 581 Agenoreos.

148 589 239 638 Contra
255 589 379 637 Romanos
396 586 443 636 sibi
459 599 583 654 comparat
598 603 664 644 arma
681 587 821 649 Tarentum,

196 661 262 710 Nam
276 676 360 726 regem
375 660 471 708 Pirrum
486 659 554 724 cogit
568 659 595 707 in
610 659 735 719 auxilium,

148 732 199 795 Qui
215 747 252 781 res
268 731 390 780 Ausonias
406 731 530 780 violentus
546 730 635 780 robore
650 742 736 790 vastat,

194 803 311 852 Militiam
326 802 395 852 bellis
411 803 515 851 conterit
530 801 648 862 assiduis;

148 876 196 924 Hic
212 874 242 924 de
258 875 360 940 captivis
376 890 417 923 rex
433 874 499 923 milia
514 873 591 923 multa
606 873 706 935 remisit,

195 946 239 996 1111
254 946 311 995 loco
327 946 387 995 civis
403 947 476 995 Curia
491 962 542 995 non
557 945 650 1011 recipit,

147 1019 221 1068 Iussit
237 1034 310 1086 eques
326 1018 400 1084 pedes
416 1029 444 1066 ut
458 1016 533 1084 pedes
549 1029 631 1067 autem
644 1017 757 1066 funditor
772 1029 842 1078 esset,

196 1091 250 1140 Nec
266 1090 359 1139 deserta
374 1090 441 1155 prius
458 1100 533 1140 castra
549 1088 630 1139 subire
645 1090 711 1149 sinit,

148 1161 253 1211 Pellibus
269 1172 293 1211 et
308 1162 387 1211 vetuit
402 1161 505 1210 tentoria
520 1160 594 1226 figere
610 1162 692 1221 suetis,
858 1182 889 1216 ως

197 1235 229 1282 Ε1
245 1233 346 1282 solitum
361 1250 452 1281 nomen
467 1232 552 1281 militis
568 1249 619 1282 esse
635 1233 698 1293 sibi3

148 1304 182 1354 At
198 1304 257 1353 bino
274 1305 365 1372 siquis
382 1304 462 1371 spolio
479 1304 595 1353 ditabitur
610 1304 695 1365 hostis,

196 1375 303 1425 Miliciae
318 1375 350 1425 ad
365 1377 473 1441 primum
488 1375 529 1425 dat
545 1392 649 1425 remeare
665 1376 775 1442 gradum.

149 1448 263 1497 Vindicat
279 1465 333 1496 ecce
349 1459 427 1507 tuum,
443 1447 522 1508 Petili,
538 1448 611 1497 Curia
626 1465 716 1508 casum,

196 1520 286 1569 Annua
301 1518 420 1568 militibus
436 1519 501 1568 dona
516 1519 629 1585 negando
645 1521 702 1579 tuis,
858 1542 891 1566 110

150 1591 201 1653 Qui
216 1591 273 1640 dare
289 1608 314 1639 se
329 1591 404 1639 morti
419 1607 465 1658 pto
481 1602 505 1640 te
520 1591 601 1640 timidi
617 1607 725 1651 renuere,
790 1603 792 1606 ’

196 1662 278 1711 Debet
293 1663 361 1711 enim
375 1663 445 1712 miles
460 1678 506 1729 pro
523 1663 584 1712 duce
599 1662 693 1712 tradere
709 1680 742 1712 se.

149 1734 219 1782 Milia
235 1751 276 1782 sex
291 1734 446 1802 captivorum
461 1734 600 1783 redimenda
616 1734 731 1783 monebat

197 1805 312 1865 Annibal,
328 1805 369 1854 illa
384 1818 463 1872 patres
480 1807 522 1855 sed
537 1806 669 1873 prohibent
685 1805 787 1854 redimi:

151 1895 165 1926 <r
172 1877 287 1940 Quorum
294 1877 403 1934 formido
410 1896 435 1937 »,
445 1877 559 1937 referunt,
573 1894 644 1926 «non
653 1878 745 1926 territat
752 1877 888 1936 hostem‚115

198 1949 296 1997 Horum
311 1965 365 2015 spes
381 1961 490 1999 nostram
505 1966 557 1998 non
572 1949 662 1998 relevat
678 1949 810 2014 patriam».

149 2020 257 2086 Regulus
273 2031 301 2069 ut
316 2020 412 2081 cecidit,
428 2032 514 2070 nutans
531 2021 648 2070 exercitus
664 2021 744 2069 omnis

196 2091 264 2141 Illius
281 2092 385 2140 scribam
400 2094 547 2142 constituere
563 2092 658 2151 ducem,
674 2121 708 2128 —

150 2164 247 2212 Caesius
263 2162 303 2211 hic
319 2163 406 2223 dictus,
423 2165 590 2230 -cognovit
606 2175 633 2212 ut
649 2175 700 2213 acta
717 2175 820 2221 senatus,

197 2233 304 2283 Affectos
320 2235 396 2301 virgis
412 2236 502 2285 vertice
518 2236 640 2284 diminuit.
860 2258 892 2281 120

150 2306 248 2355 Murem
263 2305 384 2372 Carthago
401 2308 507 2356 servavit
522 2318 632 2373 tempore
648 2306 735 2365 multo,

198 2378 257 2426 Dux
272 2389 353 2443 ageret
368 2394 445 2444 pravo
462 2380 483 2427 si
498 2378 560 2427 bene
574 2378 705 2445 principio,

151 2448 282 2497 Solvebant
298 2448 361 2498 divis
377 2450 506 2514 praeconia
521 2465 567 2515 pro
583 2449 645 2498 bene
661 2450 743 2514 gestis,

198 2520 312 2569 Flectitur
328 2521 427 2586 incepto
443 2521 492 2570 dux
508 2538 607 2588 quoque
622 2536 668 2585 pro
685 2520 784 2569 stolido.

150 2591 210 2639 Dux
224 2590 415 2641 Lacedemonius
432 2592 526 2642 dicebat
543 2608 598 2660 sepe
615 2593 734 2651 Clericus,
860 2613 890 2645 125

78 2680 219 2692 ’‘x-m

79 2717 146 2795 (0114
157 2709 262 2752 prohibent:
274 2710 286 2743 h
297 2716 375 2754 stmrascr.
435 2709 466 2745 116
477 2709 554 2745 relevat:
566 2710 582 2744 le
590 2717 669 2754 siquam.
727 2721 758 2744 120
770 2709 856 2753 (diminu).

87 2762 151 2790 tras.
