2068 3216
214 131 224 176 5
232 131 242 162 1
250 130 263 162 2

471 202 588 237 EPISTULA
614 189 660 237 VII

259 328 345 388 Partis,
361 341 388 377 ut
404 329 500 378 attritos
516 328 660 378 Anthilochi
677 346 776 390 cuneos,

212 400 321 449 Conatur
336 399 425 449 frustra
441 401 551 467 proprias
568 417 681 450 revocare
697 413 813 462 catervas,

261 471 316 531 Sed,
333 472 402 537 quasi
418 471 514 520 damma
529 470 612 538 fugax,
629 471 728 521 barbara
744 473 815 522 turba
830 473 903 540 fugit.

211 543 245 592 At
261 542 371 592 medium
387 543 463 592 robur
478 560 536 592 cum
551 559 608 609 rege
624 545 748 593 Patroclus
765 545 859 611 agebat,

260 615 369 680 Utraque
385 614 428 680 qui
445 630 544 664 cernens
561 631 652 664 cornua
667 616 733 682 lapsa
748 616 816 683 fuga,

212 687 244 734 Et
260 701 386 751 superesse
402 703 460 735 suos
476 686 553 735 modo
568 703 666 752 pugnae
682 704 755 753 seque
771 689 900 755 maniplos,

259 758 347 807 Incitat
363 758 393 807 ad
409 758 502 807 bellum
517 758 618 807 nomine
634 775 755 825 quemque
771 777 870 809 vocans.

213 829 318 895 Suffugit
335 847 348 879 e
364 846 451 896 campo
467 829 602 879 formidans
619 831 784 897 induperator,

260 903 418 968 Incertusque
433 902 490 951 urbi
506 903 605 951 nuntius
622 903 641 950 it
656 903 770 968 trepidae.

212 973 336 1023 Guidonis
353 974 423 1023 datus
440 989 499 1040 ergo
515 975 572 1022 loco
587 974 735 1023 fortissimus
752 976 837 1041 Hugo,

260 1045 376 1094 Imminet
391 1063 405 1094 a
421 1057 491 1112 tergo
508 1045 596 1094 robore
612 1062 670 1094 cum
684 1046 777 1106 valido,

212 1116 322 1167 Palantes
338 1133 382 1184 per
397 1133 469 1183 agros
485 1117 551 1166 ferro
566 1129 685 1166 crassante
700 1118 812 1178 trucidat,

262 1189 352 1238 Sternit
367 1205 493 1238 caesorum
509 1188 580 1238 devia
596 1189 757 1254 corporibus3

212 1262 295 1326 thue
311 1277 411 1327 gregem
428 1261 500 1327 lupus
517 1261 633 1310 invadens
649 1260 744 1310 ieiunus
760 1262 871 1321 ovinum,

262 1333 287 1381 Si
303 1332 418 1381 defensor
434 1332 508 1391 abest,
525 1348 599 1381 omne
613 1348 688 1398 pecus
704 1333 806 1399 iugulat,

212 1404 277 1453 Acer
292 1404 427 1453 barbariem
443 1405 477 1453 sic
493 1404 597 1453 conterit
613 1406 689 1469 Hugo
705 1403 826 1470 fugacem,

260 1477 348 1525 Donec
363 1476 412 1524 iam
426 1475 492 1525 fesso
509 1475 586 1525 milite
602 1476 671 1542 signa
687 1475 767 1526 refert.

212 1547 291 1597 Caede
307 1560 420 1597 cruentus
437 1565 464 1596 ea
480 1547 543 1596 redit
559 1548 584 1595 in
600 1548 725 1596 sevissima
740 1547 803 1597 bella

262 1620 331 1683 Quae
346 1620 471 1668 Patroclus
487 1620 546 1684 agit,
562 1620 731 1684 magnanimus
747 1619 860 1679 iuvenis;

212 1690 261 1740 Hic
276 1691 374 1750 etenim,
390 1691 489 1756 reliquis
506 1691 572 1739 bello
587 1690 719 1740 formidine
734 1690 814 1758 lapsis,

261 1762 405 1812 Substiterat
420 1774 511 1811 turmas
528 1762 762 1829 corripiendosuas,

211 1835 294 1900 Atque
310 1834 448 1885 Boamundi
464 1834 611 1900 permiscens
626 1834 720 1900 proelia
736 1833 798 1883 binis

261 1907 324 1955 Cum
340 1905 452 1965 ducibus,
469 1906 586 1971 quoniam
601 1905 680 1954 defuit
696 1907 773 1971 Hugo
788 1906 864 1973 prius,

211 1978 294 2027 Plures
310 1977 445 2044 pugnando
462 1994 533 2026 sevus
549 1977 705 2042 praemiserat
721 1979 814 2037 Horco,

259 2050 338 2115 Ipsius
355 2060 379 2098 et
393 2048 465 2097 fortis
483 2050 576 2098 Grecus
593 2059 643 2097 erat
658 2049 767 2109 monitis,

211 2122 264 2171 Nec
279 2121 358 2170 valuit
374 2121 516 2179 Rhodanus,
531 2121 588 2168 licet
603 2121 654 2168 ursi
670 2121 759 2169 robore
773 2120 859 2180 fultus,

259 2193 364 2241 Patrocli
380 2193 455 2242 duros
471 2191 582 2257 frangere
598 2191 677 2240 Marte
693 2192 778 2251 uiros;

212 2264 270 2327 Qui,
288 2265 356 2329 quasi
373 2275 454 2331 septus
470 2280 528 2329 aper
543 2263 736 2313 circumlatrante
752 2264 865 2313 Molosso
919 2272 933 2309 f.
945 2284 977 2318 131

260 2337 331 2385 Unco
347 2336 479 2385 concidens
496 2335 568 2384 dente
584 2352 653 2383 canes
669 2335 764 2395 avidos,

212 2408 251 2456 Sic
262 2424 327 2456 nunc
338 2406 415 2456 fertur
426 2408 451 2455 in
463 2408 508 2455 hos
520 2406 641 2465 frendens,
653 2423 718 2455 nunc
728 2405 805 2455 fertur
819 2407 844 2455 in
855 2407 920 2466 illos,

259 2480 381 2544 Nuncque
397 2479 470 2544 pedes
482 2490 506 2527 et
516 2494 581 2527 nunc
592 2478 691 2526 dimicat
701 2478 764 2527 altus
775 2495 840 2544 equo
850 2497 857 2537 ;

173 2632 207 2664 414
216 2626 322 2664 utsuprascr.
354 2619 577 2663 Anthilochixhsuprascr.
614 2623 646 2662 418
657 2618 736 2664 ultraque
745 2617 796 2662 Jenal.
832 2620 884 2663 419(
913 2638 921 2646 -

138 2668 229 2712 nip)..(los)
240 2679 272 2702 ras.
320 2679 352 2711 427
365 2668 433 2711 (utque)
434 2692 463 2702 .....
465 2668 549 2711 (gregem)
567 2678 599 2702 ras.
648 2678 680 2711 437
699 2667 837 2711 (praemiserat)
853 2669 870 2702 in
887 2678 920 2702 ras.

137 2718 204 2752 horco:
222 2717 324 2760 hsuprascr.
372 2726 484 2759 444nunque
492 2714 542 2758 jenal.
