2068 3216
396 202 512 237 ELOGIUM
529 200 681 235 CLUNIACUM

184 333 255 381 Mens
271 333 430 399 inpinguatur
446 348 507 397 quae
522 347 585 397 pane
601 348 658 379 meo
675 330 781 389 satiatur,
906 351 928 373 20

185 403 290 453 Tollitur
306 421 335 452 ex
350 415 402 452 tota
418 403 469 452 sitis
486 403 511 451 in
527 402 588 453 mihi
604 402 704 453 flumine
720 413 790 462 noto,

185 475 231 524 Sed
247 492 301 525 mea
315 475 443 542 pinguedo
458 475 546 541 procul
563 485 598 523 est
614 492 628 523 a
642 486 742 540 pectore
757 473 844 533 fredo;

183 548 243 596 Non
254 546 315 597 mihi
327 564 351 596 se
362 547 446 606 credit,
457 547 542 595 Venus
553 545 657 614 inproba
668 561 741 611 quem
752 546 814 594 male
824 545 891 605 ledit,

184 618 235 680 Qui
251 619 313 667 male
329 618 425 667 fedatur
440 635 492 667 non
507 618 539 667 ad
554 617 620 667 bona
636 633 730 666 summa
745 617 856 677 levatur;

183 689 253 738 Vivit
269 690 367 749 sincere,
385 690 497 755 quivult
513 689 595 738 divina
610 689 702 749 videre,

184 761 295 824 Quilibet
310 761 392 828 inpuri
408 774 464 810 sunt
479 761 603 811 vermibus
620 778 673 810 esca
688 761 781 820 futuri;

184 833 272 882 Effluat
284 833 409 899 indignus,
422 849 480 881 cum
492 832 589 883 mundis
602 844 639 881 est
651 832 712 883 mihi
723 832 822 899 pignus,

183 904 224 954 Ad
239 906 318 954 luteos
334 904 415 953 fontes
431 904 533 954 Veneris
549 904 674 970 procedite
691 916 781 964 sontes,

182 977 247 1025 Fons
258 994 306 1042 ego
318 992 392 1042 quern
401 987 499 1041 praesto
509 992 561 1024 non
571 976 670 1042 pervius
682 987 718 1025 est
729 975 869 1035 inhonesto,

182 1047 223 1097 Ad
238 1048 334 1097 fontem
349 1048 408 1106 vite,
425 1048 532 1113 castique
546 1048 638 1114 piique,
654 1047 752 1097 venite!
867 1071 868 1075 =
905 1069 926 1102 30

183 1121 239 1168 Hoc
254 1120 302 1168 nisi
316 1130 433 1186 purgatus
450 1118 512 1167 bibit
527 1130 551 1168 et
566 1119 637 1168 viciis
652 1119 780 1184 levigatus,

183 1192 251 1257 Ergo
267 1190 392 1240 discedant
408 1191 451 1256 qui
468 1207 492 1239 se
508 1191 577 1256 quasi
593 1190 664 1240 belua
678 1190 769 1240 fedant.

183 1263 242 1311 Esse
259 1276 331 1329 super
346 1274 457 1311 montem
469 1262 512 1327 qui
523 1263 656 1327 praeminet
671 1277 752 1311 assero
767 1261 870 1320 fontem,

182 1334 247 1382 Fons
263 1345 299 1382 est
315 1334 341 1382 in
357 1333 414 1383 celis
431 1350 481 1401 quo
497 1333 575 1383 tendit
590 1350 667 1385 massa
682 1333 769 1393 fidelis,

182 1405 247 1454 Fons
264 1406 351 1454 satians
366 1421 424 1454 vere
440 1405 497 1471 quia
512 1404 622 1455 funditus
638 1417 703 1454 arcet
718 1421 797 1472 egere,
904 1426 923 1459 35

182 1477 246 1525 Fons
263 1488 404 1526 eternorum
418 1476 632 1544 perfectorumque
647 1477 772 1526 bonorum

182 1548 246 1596 Fons
262 1548 313 1597 vite
328 1548 406 1599 vitam
421 1564 529 1614 generans
545 1549 596 1597 vita
612 1548 748 1599 stabilitam.

183 1621 211 1668 In
227 1619 304 1669 tribus
315 1636 357 1668 ens
367 1637 445 1668 unum
455 1619 504 1680 dat,
514 1632 600 1669 cuncta
610 1620 683 1669 refert
692 1631 716 1669 et
725 1620 757 1669 ad
766 1636 852 1680 unum,

184 1691 283 1757 Semper
296 1707 379 1740 amans
395 1692 463 1757 quod
477 1704 549 1752 amat,
565 1691 632 1757 quod
646 1703 747 1752 amatur,
761 1708 890 1758 amareque

182 1762 292 1812 Mundus
308 1774 332 1811 et
348 1763 482 1815 emundans
495 1774 519 1812 et
529 1779 623 1831 semper
632 1763 721 1812 amoris
747 1763 824 1830 [quod
840 1763 889 1822 dat,

183 1834 282 1901 Semper
293 1845 400 1901 potatur,
414 1850 509 1902 semper
519 1846 617 1900 potatus
630 1846 731 1894 amatum
749 1834 887 1900 [inundans
901 1855 924 1887 40

183 1906 220 1954 Ex
235 1904 284 1954 hoc
299 1904 369 1955 fonte
378 1922 423 1974 per
432 1907 497 1955 hunc
507 1919 531 1955 et
541 1908 567 1955 in
576 1907 625 1956 hoc
634 1918 671 1955 est
680 1908 751 1973 copia
760 1922 850 1966 rerum,

182 1978 236 2025 Lux
251 1977 282 2026 de
297 1978 351 2027 luce
367 1979 444 2027 fluens
460 1979 486 2027 in
501 1979 554 2027 luce
570 1978 670 2045 diesque
686 1978 789 2038 dierum,

182 2050 296 2116 Luceque
312 2049 342 2098 de
358 2060 424 2098 tanta
440 2061 496 2098 sunt
511 2051 608 2115 agmina
623 2049 703 2099 lucida
720 2061 807 2099 sancta.

182 2120 206 2167 Ο
223 2120 327 2180 bonitas,
344 2120 448 2180 bonitas,
465 2138 481 2169 o
496 2121 548 2171 vita
562 2133 650 2188 potens
667 2121 723 2170 dare
738 2122 810 2180 vitas,
901 2142 922 2175 45

181 2192 268 2241 Gloria
283 2193 393 2241 maiestas
408 2208 456 2258 pax
470 2209 518 2241 una
533 2208 664 2258 manesque
678 2204 793 2258 potestas,

180 2263 269 2312 Dulcia
285 2263 390 2312 dulcedo
407 2279 529 2329 superans,
545 2265 632 2329 procul
647 2264 713 2313 unde
728 2263 841 2330 nigredo,

182 2334 228 2394 Tu,
245 2335 315 2394 ratio,
331 2335 413 2384 lucens
429 2336 478 2398 luci
493 2336 597 2385 lucentia
613 2335 712 2395 ducens,

182 2406 275 2455 Summi
292 2423 385 2457 summa
402 2406 469 2466 boni,
486 2407 545 2455 dans
561 2407 669 2473 angelice
685 2408 805 2457 rationem

180 2476 209 2525 ln
225 2488 248 2525 te
264 2477 340 2537 letari,
357 2478 387 2527 de
403 2490 426 2527 te
443 2494 537 2543 semper
553 2478 640 2527 satiari.
903 2500 924 2533 50

181 2548 244 2596 Scite
260 2548 335 2597 nichil
352 2549 402 2598 sine
418 2561 442 2598 te
457 2549 502 2598 tibi
518 2550 609 2609 vivere,
625 2550 709 2599 vivere
725 2550 755 2599 de
771 2563 795 2599 te

109 2653 233 2660 Ἥ

143 2722 163 2755 37
176 2711 241 2755 ginens,
250 2712 363 2756 lineastpran
370 2725 401 2748 scr.
415 2725 435 2757 43
447 2714 530 2759 diesque:
542 2726 575 2759 que
585 2722 664 2759 stprascr.
711 2727 733 2759 49
744 2716 808 2760 agelice
819 2716 887 2752 rationi.
