2068 3216
234 170 284 216 450

447 242 564 277 Emeruit
581 242 734 276 namurcum

234 370 279 418 Per
292 369 436 419 rationalem
451 370 504 420 vim
520 370 662 419 discernens,
675 370 812 430 animalem,

234 441 267 490 Vi
282 441 395 490 rationali
411 441 470 490 dans
487 441 556 507 quod
571 458 624 491 non
640 442 682 491 das
698 442 805 502 animali,

233 513 365 562 instituens
382 512 510 564 hominem
525 526 550 562 te
566 529 691 565 summum
707 530 808 580 querere
823 513 906 565 finem.

234 586 286 644 Est,
303 601 319 632 o
336 585 455 644 mortalis,
471 584 528 634 fons
544 585 576 634 ad
592 601 667 652 quem
682 597 707 634 te
722 603 787 635 voco
804 586 867 646 talis,
889 614 890 617 =

235 656 283 705 Hie
299 655 377 716 cibus,
393 656 434 705 hic
448 667 524 723 potus
541 658 638 716 sanctis,
655 658 732 706 malus
748 658 815 707 unde
830 669 947 719 remotus,

235 728 293 790 Quo
310 745 376 778 seme
391 728 486 795 impleti
501 728 564 777 fiunt
579 729 605 777 in
621 729 715 778 saecula
730 730 781 788 leti,

234 801 284 849 Uni
300 799 433 866 gaudentes
449 816 577 867 unumque
592 800 677 849 videre
692 801 813 860 uolentes,

234 872 304 921 Panis
320 884 462 923 onestarum
477 888 529 920 non
546 871 659 921 deficiens
675 873 819 933 animarum,

233 945 329 994 Lumen
340 955 365 992 at
376 943 424 992 hoc
435 943 529 994 clarum
539 960 592 992 non
603 944 680 992 vallis
687 944 760 993 habet
770 945 924 995 lacrimarum

233 1016 306 1064 Lucis
318 1031 424 1081 namque
436 1031 524 1083 parum
536 1015 607 1064 datur
619 1015 659 1064 hic
671 1015 702 1065 de
713 1016 784 1065 fonte
797 1017 919 1065 scolarum
928 1035 936 1076 ;,

233 1088 277 1136 Est
293 1087 384 1136 etenim
399 1087 465 1136 callis
482 1104 557 1153 quem
571 1098 699 1152 praenotat
715 1088 809 1154 optima
824 1088 894 1137 uallis

234 1159 281 1208 Sed
297 1176 334 1208 vos
352 1176 392 1225 quo
409 1170 494 1225 portet
509 1158 581 1207 vobis
598 1158 715 1208 doceatur
730 1170 836 1225 oportet:

233 1231 365 1297 Progenies
382 1230 471 1290 Adam,
487 1248 549 1298 quae
564 1230 637 1279 vobis
653 1230 739 1279 discite
755 1231 857 1291 tradam,

233 1304 297 1351 Ecce
313 1302 409 1351 docebo
425 1303 507 1369 palam
523 1318 585 1368 quae
600 1302 648 1351 fert
663 1302 695 1351 ad
710 1303 793 1353 taliam
809 1303 905 1362 scalam,

232 1374 347 1440 Namque
363 1374 429 1423 scola
445 1374 515 1423 scalis
532 1388 595 1440 opus
612 1385 648 1423 est
664 1374 790 1441 speciebus
807 1386 831 1423 et
846 1374 899 1434 alis,

232 1446 297 1494 Fons
314 1446 405 1496 etenim
420 1446 474 1494 talis
491 1445 595 1511 geminis
611 1445 748 1511 adquiritur
763 1446 815 1505 alis,

233 1518 290 1566 Hoc
305 1518 382 1583 igitur
397 1529 480 1566 totum
495 1517 605 1566 conabor
620 1517 721 1566 reddere
736 1528 843 1576 notum;

233 1590 278 1637 Est
294 1589 368 1638 decus
379 1589 478 1638 obtatus
495 1588 639 1654 mundoque
655 1588 752 1655 deoque
768 1589 894 1655 probatus,

232 1661 291 1709 Prae
306 1660 401 1709 cunctis
418 1671 531 1726 quantus,
547 1661 639 1709 virtute
655 1660 695 1709 dei
711 1660 837 1719 solidatus,

232 1731 347 1781 Moribus
364 1744 472 1792 ornatus,
488 1747 533 1798 per
549 1733 643 1781 saecula
658 1731 816 1798 glorificatus,

231 1804 278 1852 Est
294 1803 360 1853 scola
375 1804 471 1869 regalis
488 1804 618 1853 Cluniacus
633 1818 704 1854 amor
720 1803 835 1870 spetialis,
853 1830 854 1835 =

233 1875 348 1942 Scalaque
362 1874 490 1941 paschalis,
507 1875 629 1926 medicina
643 1885 728 1941 patens
745 1874 872 1940 generalis,

231 1946 331 1996 Fabrica
346 1947 453 2006 moralis,
469 1946 602 1995 virtutibus
618 1962 656 1995 ars
672 1946 777 2005 socialis,
944 1953 957 1990 f.
972 1957 1019 1990 180v

231 2019 285 2067 Hec
300 2018 389 2069 domus
404 2018 532 2078 excellens,
545 2017 611 2067 bona
623 2017 721 2069 firmans
734 2029 758 2066 et
770 2018 833 2068 mala
844 2017 946 2083 pellens,

231 2089 280 2138 Hic
295 2091 364 2139 locus
380 2090 492 2156 insignis,
508 2090 617 2139 caelestis
634 2105 709 2154 quem
723 2088 794 2138 fovet
809 2090 882 2154 igniS,

231 2162 280 2210 Hic
295 2162 362 2212 mola
377 2162 499 2211 virtutum
514 2162 716 2226 diversarumque
732 2161 845 2219 salutum,

231 2234 325 2298 Perque
340 2233 452 2284 foramen
468 2250 524 2282 acus
541 2232 589 2282 fert
604 2233 635 2282 ad
650 2232 748 2282 fontem
764 2232 902 2290 Cluniacus‚

230 2305 275 2354 Per
292 2305 429 2370 scalamque
443 2305 522 2353 crucis
538 2304 607 2367 vehit
618 2303 653 2372 ad
668 2304 800 2369 penetralia
814 2303 884 2362 lucis,

230 2376 383 2442 Insidiasque
399 2377 473 2425 malas
488 2376 590 2442 abigens
607 2376 732 2426 in'amore
748 2375 790 2423 dat
804 2375 862 2434 alas,

229 2449 357 2513 Fonteque
371 2448 402 2497 de
415 2448 477 2496 vivo
492 2448 622 2516 decurrens
637 2459 738 2513 perpete
753 2447 809 2495 rivo

208 2543 210 2547 ·
230 2520 347 2569 Cursibus
363 2520 461 2568 alternis
478 2519 509 2568 de
524 2519 635 2586 partibus
651 2518 718 2567 unda
734 2517 867 2584 quaternis,

191 2660 213 2695 62
223 2660 298 2696 etenim:
309 2673 320 2695 e
329 2667 408 2705 suprascr.
422 2661 443 2705 63
454 2659 584 2705 (sed)...(o)lagi
595 2671 625 2694 noa
634 2665 694 2704 potest.
731 2658 750 2702 65
762 2657 812 2693 frert.
849 2657 871 2691 66
883 2656 944 2692 scalis:

157 2715 260 2753 csanarcr.
308 2708 330 2752 69
345 2710 400 2752 prima
408 2708 463 2742 littera
471 2708 502 2751 legi
509 2719 538 2742 non
544 2713 603 2751 potest.
651 2706 770 2751 (.st)..(decus)
779 2717 812 2740 ras.
860 2716 881 2749 72
890 2704 944 2740 scola:

156 2763 253 2801 csuprascr.
301 2755 479 2800 78(fert)..(ad)ras.
528 2767 550 2799 79
561 2755 659 2799 scalanque.
