2068 3216
791 160 800 190 Ι

299 230 333 263 oa
348 228 556 264 Mnuonaanmus
572 214 603 262 V.
623 219 635 261 8
808 158 839 204 37

177 356 296 406 Mirificos
312 369 382 406 natos
398 356 536 424 perdiderat
552 356 681 422 gemin0s;

127 427 193 478 Infra
212 428 370 496 quatriduum
385 429 488 477 decessit
503 439 606 494 uterque
622 428 737 487 duorum,

176 501 230 550 Nec
245 500 349 567 sumpsit
364 500 459 549 tristem
473 512 602 568 propterea
617 499 710 559 fatiem,
854 521 874 554 30

127 571 272 639 Impositum
287 571 360 639 capiti
375 588 421 620 nec
436 571 540 621 detrahit
555 572 608 639 ipse
624 586 750 630 coronam,

176 642 293 693 Gestabat
310 659 384 710 quam
399 643 450 692 dux
465 660 534 692 more
550 643 588 692 sui
602 643 699 711 populi.

129 714 263 764 Socraticus
280 714 431 783 Xenophon,
446 715 491 764 illo
506 715 545 764 vir
560 714 651 763 nobilis
667 731 737 774 aeuo,

176 786 283 836 Callidus
298 787 407 853 ingenim
424 787 501 836 clarus
518 798 541 835 et
557 787 666 853 eloquio,

128 857 218 907 Amisit
233 869 319 907 natum
333 858 456 908 bellorum
470 858 567 908 turbine
584 858 683 907 Grilum

177 930 228 993 Qui
243 929 371 979 Mantineo
387 941 510 979 corruerat
526 929 625 996 gladio;

129 1001 248 1051 Sacrificat
263 1002 327 1051 divis
344 1001 487 1069 Xenophon
503 1001 570 1062 dum,
587 1002 677 1051 dicitur
691 1000 735 1061 illi,

175 1074 235 1123 Non
250 1073 404 1141 interrumpit
421 1074 463 1139 qui
479 1089 543 1122 sacra
558 1073 607 1122 liba
623 1073 687 1132 darc,

127 1146 187 1195 Non
201 1145 382 1213 palletvultus,
395 1145 503 1194 lacrimis
519 1161 571 1194 non
587 1161 630 1193 ora
646 1144 796 1203 madescunt,

176 1217 232 1266 Sola
247 1233 339 1265 corona
355 1228 428 1284 caput
444 1233 505 1282 quae
520 1217 582 1282 tegit
597 1216 710 1275 exuitur3
850 1238 873 1269 40

127 1288 238 1350 Qualiter
253 1287 369 1338 occubuit
386 1288 479 1337 suffecit
496 1303 609 1356 quaerere
624 1299 728 1346 tantum,

175 1360 278 1409 Caesum
293 1375 339 1426 pro
356 1375 409 1408 cara
425 1360 545 1426 comperit
560 1370 589 1408 ut
603 1360 689 1427 patria,

126 1432 219 1480 Laetari
234 1431 325 1480 virtute
341 1432 419 1497 magis
435 1447 510 1498 quam
525 1442 605 1479 morte
620 1430 711 1490 dolere,

175 1502 287 1569 Testatur
303 1519 379 1551 sacras
396 1503 451 1571 quis
466 1502 548 1552 aderat
563 1502 681 1569 tripodas,

127 1575 159 1623 Et
173 1574 377 1640 caputvimposita
392 1585 475 1641 pacata
491 1580 573 1623 mente
588 1575 688 1633 corona,

173 1646 261 1705 Vestit,
277 1645 401 1713 persolvat
417 1645 478 1695 dum
494 1663 536 1694 sua
551 1657 610 1694 vota
627 1646 686 1694 deis.

125 1717 204 1766 Fortis
219 1716 377 1783 Anaxagoras
393 1718 444 1766 nati
460 1728 566 1766 mortem
581 1716 702 1776 referenti,

174 1788 272 1848 «Nil»,
289 1789 330 1848 ait,
347 1800 498 1839 «externum
508 1789 593 1856 nilque
604 1804 700 1837 novum
711 1787 828 1856 loqueris,

125 1860 199 1908 Hunc
215 1876 244 1909 ex
259 1876 299 1908 me
315 1860 427 1925 genitum
441 1860 539 1927 penitus
555 1876 642 1909 noram
657 1860 822 1909 moriturum:

175 1931 230 1980 Sors
247 1931 332 1981 eadem
346 1943 417 1980 natos
434 1931 534 1980 conficit
549 1943 621 1999 atque
636 1943 749 1999 patres».
850 1953 875 1986 50

87 2755 106 2788 33
118 2744 220 2787 xenophon:
232 2755 244 2778 o
254 2751 334 2789 scutrascr.
381 2755 401 2786 45
415 2744 509 2786 (pa).(cata)
521 2756 553 2778 ras.
