2068 3216
876 164 925 212 579

437 234 519 268 passm
536 236 558 267 s.
576 233 660 267 Mauro
676 219 700 267 H

209 362 311 411 Artibus
328 362 368 411 hic
384 363 494 428 magicis,
511 373 632 411 tormenta
648 361 740 410 ferocia
756 362 836 421 ludit;

210 434 258 483 Hic
274 433 400 499 exquisitis
417 434 563 483 cruciatibus
580 445 604 483 et
620 433 742 483 meditatis

210 506 340 574 Suppliciis
356 506 520 555 attrectandus
536 505 597 554 mihi
613 506 665 554 iure
681 505 780 554 videtur
789 524 796 564 ;
928 526 962 559 270

210 578 269 626 Eius
286 578 391 626 duricies
408 579 465 643 quia
480 577 558 627 ferrea
573 589 694 644 provocat
710 578 788 643 ignes,

209 649 270 714 Igne
284 650 423 701 domandus
439 650 492 709 erit,
508 649 551 714 qui
566 661 594 698 ut
608 649 694 700 mollia
709 660 802 698 caetera
817 650 925 716 sprevit3

208 721 277 786 Ignis
294 722 350 771 edat
365 737 449 770 carnes
465 737 516 786 quo
532 732 619 769 cuncta
633 720 717 770 furore
732 720 834 770 rebelles

208 793 303 841 Durior
318 793 441 842 indomito
457 793 544 842 teritur
558 791 640 841 feritas
657 793 787 852 elemento,

209 865 269 913 Eius
286 876 418 930 utrumque
433 865 495 913 latus
512 864 671 914 candentibus
687 865 745 930 igne
761 875 881 915 cremetur
928 884 960 918 275

209 936 383 1004 Lampadibus,
400 936 481 985 cordis
499 937 519 984 si
534 935 600 984 forte
615 936 700 986 locum
716 936 801 985 domet
816 936 913 1001 ignis».

209 1007 327 1057 Praesidis
343 1008 479 1057 accelerant
495 1008 592 1075 explere
608 1008 690 1074 cupita
705 1007 809 1056 furentis

211 1079 349 1139 Carnifices,
365 1079 442 1130 multa
458 1079 610 1128 circumdant
626 1079 831 1145 lampadesancti

210 1151 275 1199 Hinc
291 1162 363 1217 atque
379 1150 437 1200 inde
453 1151 523 1211 latus,
540 1151 583 1200 sed
598 1168 650 1199 non
666 1150 778 1200 incendia
795 1151 875 1210 sentit,

211 1223 293 1284 Quem
308 1223 386 1289 magis
403 1223 504 1272 interius
522 1222 677 1272 succenderat
693 1222 758 1288 ignis
773 1222 887 1289 apricus;
903 1240 905 1244 ·
928 1236 961 1266 280

210 1293 304 1341 Extulit
321 1310 381 1360 ergo
397 1311 483 1344 manus
501 1306 524 1343 et
540 1295 608 1343 caelo
624 1306 706 1344 mente
722 1306 842 1361 receptus,

210 1365 288 1414 Vultu
305 1382 445 1432 suspensus,
462 1366 590 1417 modicum
605 1367 694 1415 mansit
710 1366 780 1432 quasi
798 1366 876 1415 factus

210 1436 302 1484 Mentis
318 1438 345 1486 in
361 1455 460 1487 excessu
476 1438 511 1486 sic
527 1449 551 1487 et
566 1449 693 1504 postremo
709 1437 838 1505 profatur:

211 1508 328 1569 «Gratia,
345 1508 448 1569 Christe,
465 1510 512 1558 tibi
526 1509 588 1559 mihi
604 1509 647 1575 qui
663 1521 785 1558 tormenta
801 1510 891 1559 dedisti

210 1580 323 1641 Vincere,
340 1581 441 1630 divicias
457 1582 541 1631 animo
557 1581 648 1630 calcare
664 1581 775 1641 caducas,
927 1594 959 1634 285

210 1650 337 1702 illecebras
353 1653 441 1702 mundi
454 1653 518 1706 ,mihi
534 1669 647 1719 spernere
663 1653 706 1719 qui
721 1653 838 1712 tribuisti,

211 1726 243 1773 Et
259 1740 325 1773 nunc
340 1725 444 1774 martirii
459 1725 540 1790 palma
555 1736 660 1791 praestas
678 1724 796 1784 decorari,

211 1796 332 1862 Praecipe,
349 1812 391 1844 rex
406 1796 475 1855 caeli,
491 1796 538 1845 tibi
553 1813 593 1845 me
609 1797 658 1846 iam
672 1813 739 1845 nunc
755 1796 851 1856 sociari,

211 1869 245 1917 Ur
255 1866 359 1917 referam
368 1879 447 1933 grates
458 1868 504 1917 tibi
513 1884 571 1918 cum
579 1880 656 1935 patre,
667 1867 771 1928 Christe,
780 1868 925 1935 perhennes‚

211 1941 351 2005 Neupmate
368 1956 424 1989 curn
441 1956 509 1988 sacro
525 1939 578 1999 tibi,
595 1956 644 1999 rex,
660 1940 772 2007 patrique
788 1957 900 1988 coevo».
927 1960 961 1993 290

210 2011 281 2060 Dixit
297 2011 416 2077 sacrilego
432 2023 489 2077 post
505 2011 564 2060 haec
578 2011 656 2060 alacer
672 2011 794 2070 Celerino,

212 2101 226 2130 «
235 2083 281 2131 Fili
296 2093 428 2150 perpetuae
442 2082 582 2132 formidinis
598 2095 672 2149 atque
688 2082 822 2148 gehennae,

212 2155 276 2203 Cum
290 2165 358 2220 patre
375 2154 490 2203 Tartareo
506 2153 658 2204 confundere
673 2155 760 2203 mortis
776 2154 886 2213 alumno,

211 2227 278 2275 Nam
289 2225 472 2275 confundentur
488 2226 646 2275 simulacrum
662 2226 705 2291 qui
721 2237 875 2284 venerantur,

211 2298 332 2346 Demonis
348 2308 384 2346 est
399 2296 503 2347 foedum
518 2298 575 2363 quia
590 2297 641 2347 fedi
657 2297 752 2346 scultile
766 2296 860 2357 fanum,
928 2318 960 2352 295

212 2368 323 2418 Possidet
338 2369 379 2418 ille
395 2381 468 2419 tuum
482 2370 541 2435 quia
556 2370 630 2419 corda
646 2369 693 2419 sibi
708 2369 875 2419 famulantem.

212 2440 301 2489 Testor
315 2455 360 2507 per
375 2440 507 2500 Christum,
524 2458 576 2489 non
592 2441 671 2490 sentio
687 2441 736 2491 iam
751 2441 901 2490 cruciatum:

175 2618 206 2649 272
218 2614 275 2641 cetera
286 2607 304 2641 P.
377 2618 410 2650 ²74
421 2606 479 2641 feratis
491 2607 509 2641 P.
590 2617 621 2649 277
633 2605 706 2650 presidis
718 2607 736 2640 P.
813 2608 843 2639 281
857 2605 896 2640 celo
907 2606 926 2640 P.

130 2654 131 2658 ’
140 2658 170 2699 283
182 2655 314 2698 (poshltremo)
322 2665 355 2689 ras.
363 2655 384 2688 R.
422 2658 455 2696 2⁸4
461 2654 515 2688 michi
522 2655 541 2688 P.
582 2657 614 2696 287
621 2654 706 2697 martyrii,
713 2661 779 2698 prestas
786 2654 805 2687 P.
849 2656 880 2687 zar
889 2665 928 2697 pre·

139 2703 184 2746 cipe,
194 2702 227 2736 celi
238 2703 257 2736 P.
314 2713 344 2745 291
358 2702 390 2736 hec
397 2703 415 2736 P.
472 2713 504 2746 292
510 2709 601 2745 perpetue,
607 2702 686 2746 gehenne
692 2702 710 2735 P.
778 2712 808 2745 ²93
816 2700 901 2745 alumpno
907 2702 926 2736 P.

140 2761 170 2793 297
185 2749 245 2784 fedum
257 2751 276 2783 P.
325 2749 357 2794 296
366 2749 482 2784 famulantum
490 2751 525 2784 PR.
575 2761 606 2793 297
615 2750 674 2784 sensio
682 2750 701 2783 P.
