2068 3216
224 207 254 252 45
262 208 274 239 ²

442 278 559 313 stomun
577 278 729 313 otuuracuu

228 406 307 455 Sumis
324 405 354 454 ab
371 405 409 454 his
425 406 484 455 rivis
502 406 612 455 Cluniaci
628 407 712 456 vivere
728 408 818 473 quivis,

227 478 341 543 Namque
358 476 507 527 refertuntur
522 477 637 545 funtique
653 496 699 528 suo
716 478 862 539 referuntur,

226 550 295 598 Dent
311 561 339 598 ut
354 565 428 615 aquas
445 549 492 598 late
509 561 621 615 segetum
636 565 683 615 pro
699 549 832 611 fertilitate,

226 622 343 689 Demque
360 638 417 670 suos
433 621 497 670 clare
512 622 619 670 cultores
635 621 789 672 fructificare.

227 694 252 741 O
269 693 384 742 Cluniace
400 692 482 752 decus,
499 705 523 742 te
540 694 583 759 qui
599 706 669 742 cavet
685 705 721 743 est
737 694 800 743 male
816 711 895 754 cecus,

227 766 258 813 Et
268 764 381 831 petulans
392 776 419 813 ut
430 782 507 832 equus
518 781 563 813 nec
574 782 631 815 eum
641 765 702 831 tegit
712 765 802 815 arbiter
812 783 889 832 equus
901 786 906 816 z

227 836 262 884 Te
277 836 337 885 deus
352 852 412 901 ergo
427 848 502 902 tegat,
517 848 558 885 tua
572 836 621 895 lux,
636 848 678 885 tua
692 837 772 902 gloria
786 838 867 903 degat,

226 908 260 957 Ut
277 908 308 957 sit
324 908 478 967 adornatum,
496 924 654 974 quocumque
670 921 760 968 meant,
777 921 800 958 et
817 921 932 970 amatum,

226 979 279 1028 Fiat
295 991 320 1028 et
336 991 449 1046 optatum
465 979 615 1044 sapientibus
632 992 656 1028 et
672 992 826 1040 renovatum,

226 1052 312 1100 Nenos
329 1067 389 1117 ergo
405 1053 470 1100 lacus
487 1063 559 1099 voret
575 1051 663 1100 efficiat
679 1052 826 1102 Cluniacus:

226 1119 312 1189 Tigris
324 1134 348 1172 et
365 1122 477 1172 Eufrates
494 1123 564 1171 Gion
577 1135 649 1189 atque
662 1123 745 1183 Fison‚
761 1124 822 1173 mihi
838 1136 905 1173 vates

225 1196 260 1244 Ut
276 1194 376 1259 Moyses
392 1193 460 1255 dicit,
476 1206 578 1243 currunt
594 1193 637 1254 ibi,
654 1195 698 1260 qui
714 1194 776 1244 bene
792 1196 860 1255 vicit,

225 1266 294 1316 Vixit
310 1268 377 1315 enim
392 1278 459 1316 tutus
476 1266 573 1331 domini
588 1277 716 1332 praecepta
732 1279 836 1317 secutus.

226 1337 407 1403 Significativos
423 1339 469 1387 hos
486 1338 588 1386 mittunt
604 1338 690 1387 celitus
706 1355 781 1387 annes

226 1410 351 1469 Macheus,
369 1410 475 1469 Marcus,
492 1411 578 1468 Lucas,
596 1409 670 1458 simul
685 1421 758 1475 atque
775 1409 904 1469 Iohannes,

226 1482 269 1530 Hii
283 1493 427 1548 peraegrant
443 1481 565 1530 mundum
579 1493 733 1548 penetrantes
749 1498 823 1531 omne
838 1482 941 1548 profun-

225 1554 431 1602 Pretercurrentes
441 1553 511 1619 quasi
520 1553 566 1611 sol,
577 1552 628 1601 sine
638 1552 691 1602 labe
702 1564 827 1612 scatentes,
863 1553 940 1618 [dum

226 1624 357 1674 Sordentes
373 1637 397 1674 et
414 1641 488 1691 aquas
504 1640 562 1673 cum
578 1623 775 1690 stercoribusque
791 1625 893 1684 cloacas,

225 1697 257 1745 Et
273 1696 350 1745 nichil
362 1696 511 1747 inmundum
522 1707 597 1745 nocet
608 1697 638 1755 is,
650 1695 793 1761 faciuntque
805 1697 941 1747 amundum

225 1768 270 1817 Est
286 1768 355 1834 quod
370 1767 549 1827 mundandum,
564 1766 688 1833 fugientes
705 1784 779 1816 omne
797 1767 940 1827 nefandum,

225 1840 277 1902 Qui
292 1852 366 1888 nocet
381 1851 410 1888 ut
425 1851 520 1898 noceat,
538 1839 581 1905 qui
598 1838 681 1887 sordet
698 1839 794 1888 sordeat
810 1841 901 1899 omnis,

226 1911 326 1979 Semper
340 1912 366 1959 in
382 1911 420 1960 his
437 1910 527 1960 stolide
542 1910 694 1960 cumulantes
711 1911 791 1977 turpia
807 1912 926 1976 sumpnis,

224 1984 305 2032 Iustus
321 1983 454 2032 adornetur
468 1982 587 2048 factisque
604 1981 676 2031 bonis
692 1994 832 2042 renovetur,

225 2056 256 2103 Et
272 2055 406 2104 delectetur
421 2054 520 2113 faciens,
537 2065 565 2102 ut
580 2065 645 2103 amet
661 2065 685 2102 et
701 2065 812 2114 ametur;

225 2127 316 2175 Omnia
324 2126 473 2185 discernunt,
483 2125 590 2174 solidant
598 2125 672 2184 bona,
679 2140 804 2192 pravaque
812 2138 938 2191 spernunt,

224 2199 284 2247 Esse
300 2197 340 2247 dei
356 2214 477 2249 memores
493 2196 587 2246 faciunt
602 2213 648 2246 nec
663 2213 744 2248 amare
759 2197 856 2246 favores

223 2269 277 2318 Nec
292 2270 380 2318 mundi
396 2270 469 2318 flores
486 2285 531 2317 nec
547 2284 607 2334 opes
624 2286 698 2317 vanas
714 2286 760 2318 nec
776 2268 901 2328 honores;

224 2341 345 2391 Edificant
361 2358 442 2390 mores
459 2352 483 2389 et
498 2351 598 2406 ponunt
613 2341 702 2389 mentis
718 2356 823 2400 amores,

223 2413 460 2479 Arcem-languores
477 2411 592 2461 radicitus
608 2412 745 2473 interiores,

223 2485 351 2534 Virtutum
367 2485 439 2533 flores
456 2495 573 2550 generant
588 2482 741 2549 abiguntque
756 2484 866 2542 timores,

187 2662 218 2684 112
227 2650 265 2684 viee
274 2661 312 2684 corr.
326 2662 348 2684 ex
361 2650 404 2691 vini,
418 2661 430 2683 n
443 2655 520 2692 expuncto
532 2655 548 2683 et
562 2662 571 2683 c
584 2657 664 2693 suprascr.
725 2660 757 2692 119
777 2647 810 2682 lax.
864 2660 895 2682 120
908 2648 938 2682 ad-

150 2706 224 2740 matum,
234 2698 275 2741 jort.
286 2714 304 2726 =
312 2698 417 2732 adamanuu.
479 2697 510 2731 126
521 2708 575 2731 annes
586 2709 626 2731 corr.
638 2709 660 2731 ex
671 2708 731 2741 agnes,
744 2707 756 2740 g
769 2702 874 2740 expunctum
887 2707 899 2729 n
911 2708 938 2729 str-

146 2752 209 2790 prascr.
259 2757 290 2789 129
303 2753 533 2789 pretercutrentescorr.ex
544 2750 818 2788 praesentantes,aexpuncto.
869 2754 938 2787 134cu-

149 2793 236 2827 mulantes
245 2805 284 2828 corr.
294 2805 316 2826 ex
324 2793 455 2834 cumulesantes,
465 2804 482 2827 es
493 2799 568 2836 expuncto
592 2793 649 2836 turpia
661 2804 700 2826 corr,
713 2804 735 2825 ex
749 2792 836 2836 turpisa,s
848 2798 928 2835 expuncto.
