2068 3216
315 211 350 245 DE
365 209 571 244 Muuouasrtraus
588 196 619 244 V.
638 213 651 243 2

129 338 209 397 Fulvi,
226 338 286 387 dum
302 339 397 403 Capuae
414 337 536 403 quatiebas
553 338 650 386 moenia
666 338 766 399 clausae,

178 408 278 477 Oppida
294 409 411 458 Romanis
427 408 514 458 Facula
529 424 605 457 necne
620 409 694 470 favet,

129 480 213 530 Altera
228 491 287 530 vota
301 480 368 540 facit,
384 481 509 530 Romanos
525 480 599 529 altera
613 482 699 548 pascit,

177 553 231 602 Nec
246 552 335 618 retrahi
349 563 462 618 poterant
478 551 534 601 talia
550 568 586 611 ne·
596 551 717 613 facerent;

129 624 194 674 Urbs
211 623 257 673 sibi
273 623 334 673 dum
349 624 443 691 capitur
457 623 554 673 libertas
571 634 595 673 et
611 624 675 674 bona
692 625 787 686 dantur,
838 635 899 681 f.51v

177 695 276 745 Praedia
292 711 349 745 cum
364 696 435 744 donis
452 695 573 763 accipiunt
588 696 649 745 aliis.

130 768 224 833 Urgent
240 766 375 816 Tusclanos
390 781 437 833 pro
454 768 533 816 Roma
550 784 574 816 se
590 767 646 816 dare
662 782 754 836 pronos

177 838 298 906 Aequicli‚
314 850 408 907 pugnat
423 838 481 888 urbs
496 839 537 906 pia
552 854 598 906 pro
615 840 692 900 sotiis,

129 909 236 960 Miliciae
253 911 323 959 sacris
339 910 416 977 pubes
433 927 458 959 se
474 909 581 960 devovet
596 912 684 971 omnis,

177 981 280 1031 Militiae
296 982 377 1031 nullus
394 981 506 1031 sedabat
521 981 588 1031 ultro
602 983 678 1048 prius.

129 1054 242 1102 Dictator
257 1053 352 1113 Fabius,
370 1052 412 1102 sed
427 1064 478 1102 erat
492 1054 605 1121 princeps
622 1056 742 1122 equitatus

177 1124 303 1174 Menutius
319 1124 394 1174 Fabio
410 1140 454 1191 par
469 1124 539 1174 datus
555 1125 667 1192 imperio,

129 1197 206 1246 Parati
222 1213 313 1246 cuneos
328 1196 424 1245 fuerant
439 1197 571 1264 aequaliter
586 1197 668 1258 ambo,

176 1270 280 1318 Iusserat
295 1268 344 1318 hoc
358 1267 475 1336 populus,
490 1268 622 1336 pertulerat
637 1269 741 1328 Fabius3

128 1340 238 1389 Menucii
253 1352 346 1389 turmae
361 1340 451 1389 uictori
466 1350 534 1406 terga
550 1340 644 1400 dedere,

176 1411 290 1462 Accurrit
305 1411 392 1460 Fabius
408 1427 471 1477 aque
485 1411 545 1477 fuga
561 1412 667 1472 retrahit,

128 1484 257 1533 Menucius
273 1495 367 1551 patrem
381 1495 454 1532 vocat
470 1482 535 1532 hunc
551 1484 670 1551 milesque
684 1495 824 1549 patronum,

177 1556 207 1605 Se
223 1555 344 1614 dictatori,
358 1570 403 1622 par
417 1566 446 1603 ut
462 1566 519 1614 erat,
537 1554 635 1620 subigit.
729 1616 731 1620 Α

128 1626 194 1676 Urbe
209 1626 375 1694 triumphabat
391 1626 536 1691 Carthagine
553 1627 634 1694 Scipio
651 1638 726 1694 capta,

177 1699 269 1763 Sponte
285 1716 327 1747 sua
343 1713 442 1746 currum
458 1697 544 1746 Culleo
561 1698 723 1764 subsequitur,

127 1769 193 1819 Huic
209 1785 349 1837 cognomen
364 1780 414 1818 erat
430 1768 581 1830 Terrencius,
598 1770 661 1819 ordo
679 1780 783 1828 senatus,

176 1841 260 1891 Clarus
276 1853 325 1890 erat
341 1840 423 1906 gestis,
440 1839 524 1889 Africa
540 1857 614 1907 quern
629 1842 721 1907 genuit,

125 1914 181 1980 Ipse
197 1913 285 1962 ducem
300 1913 382 1979 gratis,
399 1911 429 1961 de
446 1913 547 1961 servitio
563 1913 690 1972 relevatus,

174 1985 272 2035 Vertice
286 1985 368 2034 velato
385 1999 454 2032 more
469 2000 538 2033 novo
555 1985 671 2050 sequitur.

127 2056 226 2120 Quinci,
242 2057 303 2106 dum
317 2056 382 2121 regis
398 2055 528 2105 contrisses
544 2067 619 2105 castra
635 2055 749 2123 Philippi,

173 2129 229 2178 lure
244 2126 385 2195 triumphali
401 2125 671 2193 quadriiugisveheris,

125 2199 196 2248 Milia
212 2199 268 2248 bina
283 2210 355 2247 tuum
370 2213 469 2247 currum
484 2198 579 2265 captiva
595 2210 696 2248 tuorum

174 2270 248 2320 Tecta
264 2281 336 2338 caput
351 2269 409 2319 velo
426 2281 482 2318 sunt
498 2270 612 2319 comitata
627 2271 708 2337 nigro,

125 2343 215 2392 Hostes
232 2342 332 2392 contriti
347 2342 462 2406 civesque
476 2341 544 2390 fuere
560 2342 653 2391 reducti

173 2413 255 2463 Plures
272 2425 296 2462 et
312 2413 382 2479 grati,
399 2413 477 2478 gloria
493 2429 581 2478 magna
596 2413 649 2463 tibi.

124 2486 185 2535 Non
200 2500 246 2552 pro
263 2484 358 2534 Calidio
375 2483 471 2533 dubitas
487 2500 564 2544 orare,
581 2484 688 2544 Metelle,

173 2558 227 2606 Etsi
242 2556 329 2606 consul
345 2572 404 2614 eras,
421 2555 563 2623 suppliciter
576 2557 715 2624 populum3

89 2686 107 2720 13
119 2674 182 2710 Fulvi:
194 2686 206 2709 ο
215 2677 245 2719 sig.
256 2686 286 2709 aaa
297 2681 376 2719 srprascr.
472 2685 493 2716 14
504 2674 562 2718 Oppia
573 2676 589 2708 r'n
603 2674 657 2709 Valar.
669 2674 725 2717 Max„
737 2685 755 2717 v,
767 2686 784 2716 z,
797 2686 811 2710 1.

53 2733 73 2766 25
87 2722 171 2768 (patla(ti)
182 2724 199 2758 ir
210 2734 249 2765 raa,
261 2734 271 2756 a
281 2729 360 2766 suprascr.
410 2733 429 2766 37
442 2722 518 2765 Quinci:
531 2733 542 2755 ο
553 2724 582 2765 sig.
596 2733 625 2756 rac.
639 2730 718 2766 suprascr.
