2068 3216
791 141 837 172 101

250 214 284 247 DE
299 214 506 248 Mauonaurrruus
522 198 566 246 IV.
584 214 600 258 4
616 225 626 232 -
641 196 685 245 IV.
706 214 715 258 5

176 341 218 398 Ut,
234 340 282 388 nisi
298 340 404 389 venisset
418 339 510 389 fundus
527 339 550 388 ei
566 337 697 399 modicus,

129 412 177 460 Hic
192 424 273 460 tamen
290 421 314 472 et
330 411 404 471 solus,
421 428 473 460 non
489 422 552 460 esset
568 421 674 459 sumeret
690 426 754 459 uxor

177 482 249 532 Unde
265 482 312 531 sibi
328 482 413 532 dotem
427 483 509 532 iuncta
525 482 572 531 sibi
588 483 695 532 noviter.

129 556 188 604 Non
204 553 242 602 his
257 554 384 622 pauperies
400 555 494 614 nocuit,
511 554 568 622 quia
584 570 636 603 non
653 553 700 603 sibi
714 552 791 603 fasces

176 625 257 675 Multa
272 626 361 674 talenta
377 625 466 675 dabant
483 625 525 675 sed
540 625 650 692 probitas
667 626 750 674 animi.

128 698 203 746 Nunc
217 696 327 764 probitas
343 697 408 763 alget
423 697 558 764 tribuitque
573 697 677 765 pecunia
693 696 779 756 fasces,

176 768 300 819 Nobilitas
316 770 404 818 mentis
420 769 456 818 nil
471 770 539 819 iuvat
554 780 596 817 aut
612 769 716 834 generis.

130 840 268 907 Conprimit
283 839 373 889 infidos
389 841 450 889 dum
466 834 548 907 Scipio
565 841 652 889 consul
668 840 785 899 Hiberos,

177 913 212 961 Ut
228 912 275 962 sibi
292 928 416 961 successor
430 912 543 961 adveniat
558 912 638 979 petiit,

129 984 190 1031 Filia
205 1000 262 1032 nam
277 982 344 1032 tedas
360 983 477 1051 poscebat
492 983 574 1032 adulta
591 983 715 1049 superbas,

178 1054 250 1104 Unde
265 1072 311 1104 nec
327 1058 369 1103 est'
379 1055 450 1103 matri
466 1055 511 1104 dos
528 1055 649 1104 tribuatur
665 1056 704 1114 ei;

130 1127 220 1175 Natam
232 1126 343 1176 'nobilius
359 1127 443 1175 statuit
455 1127 542 1183 dotare
558 1137 663 1186 senatus,

179 1197 224 1247 llla
240 1215 314 1265 quam
329 1197 406 1264 digno
422 1189 496 1248 tradit
511 1197 599 1247 habere
614 1198 678 1247 viro.

131 1269 255 1319 Describit
272 1270 373 1319 Scaurus
390 1282 509 1337 quantum
523 1270 596 1337 liquit
610 1281 680 1338 pater
696 1271 765 1318 eius:

180 1343 250 1391 Dena
266 1341 340 1390 refert
355 1353 451 1390 tantum
464 1342 520 1408 plus
536 1358 616 1409 neque
633 1342 743 1401 servicia,

132 1412 203 1462 Milia
218 1428 378 1461 nummorum
393 1413 472 1463 decies
488 1424 525 1462 ter
541 1414 664 1480 quinoque
679 1424 783 1472 tantum,

180 1486 228 1534 Iste
245 1495 326 1533 tamen
341 1493 444 1551 magnae
452 1484 558 1552 praefuit
572 1485 707 1535 Ausoniae.

134 1556 184 1618 Qui
200 1555 313 1605 modicos
329 1573 415 1606 census
430 1573 476 1605 nec
492 1556 639 1605 sufficienter
654 1556 781 1615 habemus

179 1628 315 1694 inspexisse
330 1628 398 1677 viros
415 1626 460 1677 hos
476 1627 550 1677 libeat
565 1627 668 1695 rigidos,

133 1700 165 1747 Et
181 1699 224 1766 qui
239 1698 365 1748 fortunam
380 1699 551 1749 contendimus
567 1716 619 1749 esse
634 1699 777 1765 malignam,

181 1772 251 1819 Hanc
266 1771 393 1820 videamus
410 1786 461 1838 quo
476 1771 621 1837 pertulerint
636 1772 727 1820 animo.

355 1960 399 2003 DE
416 1959 622 2004 VERECUNDIA

486 2113 494 2157 5

136 2201 261 2267 Spectabat
276 2202 384 2269 populus
401 2218 452 2269 quo
467 2203 539 2252 ludos
556 2213 629 2270 atque
645 2214 750 2261 senatus,

181 2272 328 2322 indiscretus
344 2273 424 2323 adhuc
439 2274 519 2323 extitit
533 2273 575 2322 ille
590 2274 668 2333 locus,

136 2344 242 2393 Secrevit
258 2344 369 2394 Grachus
386 2346 465 2394 dOnec
481 2357 505 2395 et
522 2345 604 2410 Scipio
620 2345 716 2404 consul,

183 2415 236 2465 Nec
251 2426 333 2465 tamen
349 2434 379 2465 ex
393 2417 489 2484 populo
506 2416 600 2465 sederat
615 2416 641 2464 in
656 2415 752 2465 theatro

135 2487 200 2536 Ante
215 2498 294 2554 patres
304 2488 441 2555 quisquam,
449 2487 596 2553 prohibente
603 2487 699 2554 pudore
707 2487 830 2546 modesto,
873 2508 880 2541 5

185 2558 284 2625 Quippe
299 2559 451 2608 verecundus
467 2577 519 2608 non
534 2559 592 2607 tulit
607 2559 656 2607 hoc
672 2560 776 2607 animus.

100 2725 120 2758 62
132 2725 148 2758 ei
159 2725 238 2760 modicus
249 2723 271 2760 al.
283 2736 324 2759 man.
373 2725 394 2768 76
402 2725 443 2769 sart.
451 2724 530 2768 sena3cf.
540 2724 596 2760 Valer.
604 2724 661 2767 Max„
668 2725 699 2768 iv„
706 2736 723 2768 4,
731 2736 757 2759 11.
