2068 3216
248 175 301 219 414

443 245 577 280 satureum
594 246 612 281 s,
629 246 768 281 aunrmcrr

248 375 347 424 Fabrica
363 387 415 424 tota
431 375 520 424 domus
536 388 617 425 manet
633 377 734 442 integra,
751 378 844 426 corruis
860 393 932 437 unus,
959 383 960 387 ’

298 448 403 496 Ossibus
419 447 516 507 attritis,
532 447 580 496 heu
596 448 738 508 miserande,
754 449 826 515 peris.

248 518 338 568 Audiit
354 531 378 568 et
393 534 512 586 properus
529 518 630 568 laetatur
645 520 749 587 prodere
765 520 866 570 Maurus

297 591 364 641 Patri
379 591 479 641 vadenti
495 591 526 640 de
541 608 600 640 nece
615 591 760 658 presbiteri;

250 663 327 725 Quod
342 662 433 731 plausit
449 664 559 723 Maurus,
576 664 682 730 graviter
697 664 771 713 defiet
786 664 937 732 pedagogus,

299 735 346 785 Seu
363 733 481 801 quoniam
496 734 584 784 cecidit
600 735 677 784 hostis
694 747 718 785 et
733 736 832 785 interiit.

251 806 381 857 Cassinum
396 807 493 873 migrat,
510 824 552 856 sua
567 808 733 857 commonitus
749 808 803 857 loca
819 819 904 867 mutat,

300 879 363 928 Cum
380 894 431 944 quo
446 890 494 927 tres
511 879 582 928 corvi
596 880 725 945 participes
742 880 825 945 epuli;

250 949 365 1016 Angelici
381 950 481 999 iuvenes
496 951 585 1000 adsunt
600 951 690 1018 pariter
705 951 849 1017 gradientes,

299 1022 428 1072 insinuant
443 1033 534 1071 rectam
550 1039 600 1089 quo
616 1035 684 1089 parat
699 1024 734 1073 ire
749 1023 823 1072 viam.
900 1036 902 1038 ’

252 1093 345 1143 Clausit
353 1111 379 1144 se
394 1093 454 1144 cella
470 1094 571 1159 quidam
586 1094 670 1144 sollers
687 1095 802 1144 heremita

301 1167 357 1215 Hoc
374 1166 400 1214 in
416 1177 508 1225 monte,
524 1166 596 1216 bonis
611 1167 718 1235 pervigil
733 1166 760 1215 in
775 1166 869 1226 studiis,

253 1237 301 1287 Cui
312 1238 437 1287 Dominus
448 1238 547 1288 mandat
558 1239 612 1287 loca
621 1251 733 1306 promtus
745 1249 773 1287 ut
783 1238 824 1287 illa
835 1238 962 1304 relinquat,

300 1310 402 1369 Dicens,
418 1309 510 1369 «vade,
526 1309 587 1359 locis
604 1310 692 1360 militat
707 1311 767 1360 alter
782 1310 808 1358 in
823 1308 860 1359 his
869 1327 892 1361 a.

253 1381 324 1431 Idola
338 1381 472 1448 proturbat.
483 1382 637 1442 Benedictus,-
653 1381 733 1448 phana
748 1381 892 1448 prophanat,

301 1454 381 1502 Lucos
399 1452 509 1513 succidit,
526 1470 598 1520 sagus
613 1453 707 1522 Apollo
722 1453 794 1519 perit.
888 1451 889 1454 ’

253 1525 348 1591 Magno
364 1524 462 1574 votivas
478 1525 600 1574 Babtistae
615 1536 740 1575 consecrat
754 1541 815 1584 aras,

302 1596 401 1645 Rustica
417 1596 488 1645 turba
504 1613 572 1646 sacro
588 1596 691 1646 diluitur
706 1597 810 1646 lavacro.

253 1668 354 1718 Demon
370 1667 462 1733 inique,
476 1667 545 1729 furis,
559 1681 616 1718 trux
627 1669 714 1719 mitem
726 1685 788 1717 voce
801 1666 905 1727 lacessis,

253 1783 255 1790 χ
303 1741 404 1801 «Heus,
419 1740 583 1800 Benedicte»,
597 1758 680 1800 vocas,
696 1741 787 1800 «heus,
803 1738 965 1798 Benedicte»,

254 1812 324 1861 Dum
333 1827 399 1861 sacer
407 1811 448 1861 ille
457 1812 520 1873 silet,
529 1813 633 1872 vesanis,
642 1813 709 1879 inpia
717 1810 820 1878 profers,
871 1810 965 1875 [iteras3

303 1884 364 1933 Non
380 1884 465 1934 eadem
479 1884 568 1935 clamas
585 1884 627 1933 sed
644 1883 822 1933 «Maledicte»
838 1882 906 1932 boas.

255 1954 412 2004 Construitur
426 1956 514 2022 paries,
529 1951 618 2023 lapidis
631 1955 672 2005 cui
687 1970 797 2020 congrua
812 1954 889 2005 moles

303 2026 403 2094 Imponi
419 2027 499 2088 debet,
515 2027 616 2095 pestifer
631 2028 693 2077 hanc
708 2028 803 2086 retinet,

256 2097 303 2146 Sed
318 2110 388 2164 pater
402 2100 515 2159 accurrit,
531 2115 602 2148 cruce
618 2115 738 2148 sessorem
751 2097 839 2166 procul
855 2097 913 2162 egit,

305 2170 491 2237 Structuraeque
508 2186 608 2237 gravem
622 2170 763 2238 composuit
779 2168 891 2235 lapidem.

254 2241 326 2289 Aeris
342 2240 420 2292 humo
434 2241 501 2291 fossa
516 2242 673 2293 simulacrum
687 2241 786 2309 pellitur
801 2251 874 2299 extra,

304 2314 362 2362 Vox
376 2312 480 2364 fratrum
495 2315 586 2374 sonuit,
603 2332 618 2362 «
626 2315 683 2380 igne
698 2313 780 2362 culina
794 2312 858 2380 perit
868 2313 873 2360 l
883 2329 898 2359 »

256 2385 309 2433 Hac
324 2386 435 2452 positum
449 2385 541 2436 fuerat:
557 2386 676 2436 fantasma
690 2397 759 2451 pater
774 2383 828 2433 fore
843 2382 938 2442 clamat,

306 2457 382 2523 Signo
397 2457 468 2523 pulsa
483 2458 561 2507 crucis
577 2473 614 2507 ars
631 2457 728 2506 inimica
743 2455 815 2522 fugit.

255 2529 325 2577 Dum
341 2530 443 2578 struitur
457 2530 535 2596 paries
552 2529 632 2579 oranti
647 2528 753 2597 perfidus
769 2526 850 2586 infert,

305 2599 369 2649 «Ad
385 2599 470 2650 fratres
487 2601 585 2667 gradior
601 2612 625 2650 et
641 2600 701 2666 quid
716 2610 791 2665 agant
806 2597 941 2665 speculor»
951 2615 956 2646 :
966 2608 978 2646 f.
992 2609 1024 2644 166

220 2722 240 2753 88
253 2720 454 2764 (cecidir>„(hostis)ras.
515 2732 535 2764 93
548 2720 609 2755 clausit
620 2731 638 2754 se
648 2722 665 2754 in
676 2731 708 2754 ras.
777 2731 806 2753 101
820 2718 915 2763 (mi).(tem)
933 2729 966 2752 ras.

186 2780 217 2811 ¹07
236 2778 353 2803 sessoremzs
371 2776 450 2813 stprascr.
499 2780 530 2812 109
542 2769 599 2812 (ae)ris
609 2770 626 2803 in
637 2779 669 2802 ras.
