2068 3216
139 113 154 143 0

121 113 136 161 9
305 186 339 218 ou
355 185 561 224 uuuounsmruus
577 171 620 219 IV.
641 188 649 218 1

122 311 192 359 Dum
208 312 341 378 disciplinis
359 330 383 361 se
399 313 542 378 Phitagorae
558 313 630 361 nimis
647 315 691 361 arti

170 383 283 432 Architas
300 384 502 449 mergit,n0bilis
519 385 627 444 aenituit,

123 455 170 503 Pro
188 455 277 521 quibus
294 467 420 522 assumpto
436 456 513 521 longo
530 456 642 523 duroque
657 456 747 516 labore,

173 526 283 575 Tandem
297 528 419 594 percaepit
436 527 504 593 quod
519 523 624 583 nimiam
640 528 732 594 cupiit,
770 582 771 586 ,

122 598 216 646 Interea
232 598 300 664 degit
316 598 376 647 dum
392 598 525 665 discipulus
542 600 688 666 Metaponti,

172 670 266 728 Vilicus
283 670 334 719 eius
351 686 391 719 rus
408 671 512 737 negligit
528 682 552 719 et
567 672 665 731 minuit,

125 741 175 804 Qui
192 757 232 789 rus
249 742 389 807 neglectum
404 758 503 791 cernens
520 743 660 809 repedando
676 743 815 802 Tarentum,

173 813 299 861 Nimirum
314 825 404 862 mestus
421 814 523 862 efficitur
538 815 650 873 nimium,
701 858 702 861 ,

124 885 279 952 Intuitusque
295 886 384 944 virum,
402 886 471 942 «nisi
487 886 561 946 tristis
578 903 650 945 eram,
663 885 712 934 tibi
728 886 809 935 dirum

172 956 322 1016 inferrem»,
337 956 406 1015 dixit,
421 957 554 1023 «inprobe,
572 958 747 1025 supplitium».

124 1028 201 1077 Iratus
219 1044 290 1077 servo
307 1029 374 1077 Plato
391 1028 418 1077 fit
433 1044 480 1095 pro
496 1029 597 1078 crimine
612 1028 696 1088 foedo
731 1081 733 1085 ,

175 1100 229 1158 Sed,
246 1100 333 1149 metuit
349 1100 441 1148 iustum
456 1098 517 1149 dum
533 1116 644 1168 superare
653 1101 771 1160 modum,

124 1170 199 1220 illum
216 1172 334 1238 Seusippo
351 1171 501 1221 caedendum
516 1172 589 1221 tradit
604 1173 700 1231 amico;

174 1244 233 1291 Eius
251 1244 399 1299 Xenocrates
416 1243 549 1310 discipulus
565 1243 658 1294 fuerat:

125 1314 182 1363 Infit
198 1315 220 1364 ei
237 1314 337 1381 quidam
352 1316 466 1364 iuvenem
483 1332 507 1364 se
523 1316 618 1365 audisse
633 1315 780 1383 loquentem]

174 1387 213 1435 De
230 1404 254 1434 se
270 1386 413 1452 tamdigno
430 1387 509 1453 turpia
522 1386 599 1436 vuerba
614 1387 686 1445 viro;

126 1458 228 1507 Credere
236 1474 295 1506 mox
302 1459 381 1506 renuit
391 1478 397 1508 ε
406 1475 495 1525 «quem
502 1459 536 1508 sic
543 1459 738 1524 amplectimur»,
746 1460 833 1525 inquit,

175 1529 268 1580 «Nulli
285 1529 317 1578 de-
330 1530 402 1587 nobis
413 1531 494 1597 turpia
510 1530 584 1579 verba
598 1530 679 1579 facit»
690 1549 696 1588 ;

126 1601 172 1650 Cui
188 1601 282 1651 delator
297 1602 337 1664 ait,
356 1602 455 1651 «miror
471 1603 587 1668 quianon
596 1602 657 1656 mihi
665 1601 751 1662 credis,

173 1673 232 1722 luto
248 1688 291 1738 per
304 1674 427 1739 insignem
439 1673 519 1729 dicere
532 1690 589 1722 vera
602 1674 689 1722 lovem
697 1692 728 1732 »3

126 1746 165 1794 Ne
181 1745 251 1794 Plato
266 1744 401 1803 confundat
418 1745 460 1810 qui
476 1757 526 1793 tam
539 1756 677 1793 constanter
692 1745 761 1804 iurat,

175 1835 189 1864 «
200 1817 332 1873 Sedulitate
346 1817 387 1882 pia
401 1817 536 1882 protulit»,
552 1817 640 1884 inquit,
653 1834 671 1863 5«
680 1834 723 1865 ea:

126 1888 160 1937 Ni
176 1889 291 1953 prodesse
308 1888 384 1937 modo
400 1888 461 1936 mihi
477 1889 547 1936 sciret
564 1889 614 1936 sive
629 1887 722 1947 futuro,
820 1897 893 1942 .f.>39v

176 1960 248 2009 Seclis
264 1959 397 2026 perpetuis,
413 1976 465 2007 non
480 1976 507 2007 ea
523 1959 687 2025 protulerat».

127 2032 207 2081 Sexies
223 2049 237 2079 a
253 2031 333 2099 quinis
350 2031 410 2079 mira
425 2032 516 2079 virtute
531 2031 631 2080 tirannis
659 2082 660 2085 ,

175 2104 246 2152 Eruit
262 2119 403 2170 oppressam
419 2102 559 2151 Trasibulus
575 2102 694 2168 patriam;

126 2174 241 2242 Liquerat
257 2192 340 2223 exosas
357 2186 423 2222 totus
439 2175 488 2222 iam
503 2174 564 2223 ciuis
580 2174 696 2232 Athenas,

175 2247 257 2313 Atque
273 2245 433 2311 vagabundus
449 2246 529 2294 omnis
546 2257 596 2293 erat
611 2246 727 2311 populus,

127 2319 197 2381 Quos
214 2330 241 2366 ut
257 2318 365 2383 collegit,
382 2318 507 2370 decretum
522 2334 581 2365 mox
596 2317 642 2365 sibi
657 2316 715 2365 fecit

175 2391 214 2438 Ne
229 2389 294 2438 foret
310 2407 339 2437 ex
354 2389 425 2437 rebus
442 2389 536 2437 mentio
551 2389 694 2454 praeteritis,

127 2462 291 2526 Restituitque
307 2472 397 2509 statum
412 2460 446 2508 sic
461 2460 548 2509 urbem
563 2472 646 2508 cautus
663 2461 688 2508 in
704 2460 820 2525 amplum,

176 2534 240 2582 Cum
254 2532 318 2581 foret
334 2532 445 2581 aerunnis
461 2531 535 2585 fracta
551 2532 623 2580 nimis
639 2531 729 2580 nimiis.

126 2604 197 2653 Pulse
214 2604 328 2653 Siracusis
345 2603 475 2669 Megarum
490 2603 563 2668 fugis,
580 2604 673 2652 obtime
688 2603 757 2661 civis,

174 2677 234 2725 Non
250 2676 378 2734 admissus,
394 2675 446 2737 abis
463 2674 589 2723 Theodori
604 2674 707 2733 foribus,
