2068 3216
262 228 296 262 Du
311 228 520 270 Mnuonnmmuus
536 213 580 261 IV.
599 229 613 260 2
629 241 639 248 -
655 213 698 261 IV.
718 230 728 275 3
819 157 850 205 93

4 375 56 407 ·40v
190 356 281 418 Quem,
296 355 357 404 dum
372 356 459 405 consul
475 368 533 415 erat,
550 354 611 404 urbe
626 356 715 422 procul
731 354 846 414 dederat;

140 428 222 486 Hunc,
238 426 428 494 repetundarum
443 443 497 476 reus
514 428 606 489 existat
617 427 675 493 quia
690 442 780 487 rerum,
867 447 887 480 ις

189 498 302 548 Creditur
316 511 420 558 accusat,
437 499 528 548 credita
544 515 601 547 cum
617 509 716 566 repetat.

139 570 260 619 infestum
276 569 322 619 sibi
337 570 472 630 Vatinium,
490 570 536 620 sibi
551 571 604 619 iure
619 585 744 636 perosum,

189 640 293 690 Tutatur
308 641 372 690 binis
387 643 407 690 is
424 658 525 710 quoque
540 641 642 691 iuditiis.

141 713 217 776 Quod
232 713 325 762 factum
341 712 416 762 Tullii
432 714 569 762 teterrimus
585 714 661 780 ipsius
678 713 756 762 hostis

190 784 350 852 Subsequitur
365 785 476 845 Pulcher,
492 785 580 834 foedus
596 801 680 834 amore
695 785 768 834 liceti
848 792 851 831 ξ
869 807 890 840 30

139 856 164 905 A
179 856 257 906 tribus
272 857 318 905 iste
333 856 392 906 uiris
409 857 494 905 incesti
510 857 612 905 crimine
627 857 705 924 turpis

189 929 233 977 Est
248 940 382 987 accusatus,
398 945 490 977 nomen
507 928 574 977 idem
590 927 638 977 fuit
655 928 702 988 his,

139 999 284 1049 Ambitione
300 1016 354 1065 reus
370 999 418 1048 fuit
434 1000 525 1049 horum
540 1001 658 1049 Lentulus
674 1016 746 1058 unus,

183 1071 272 1134 ‘Quem
286 1071 424 1137 patrocinio
439 1072 549 1138 protegit
564 1071 606 1120 ille
621 1088 675 1120 sun.

140 1142 226 1192 Gallus
243 1155 267 1192 et
282 1143 334 1210 ipse
349 1154 424 1203 tuam,
441 1154 465 1191 te
481 1143 621 1210 dampnato,
638 1142 685 1192 sibi
700 1154 782 1192 natam
869 1166 888 1200 35

189 1215 302 1281 Copulat,
318 1215 421 1275 Antoni,
437 1214 581 1264 conditione
596 1215 671 1274 thori,

140 1286 242 1335 Gallum
257 1287 408 1353 dampnatas,
425 1286 559 1346 Mecoloni‚
576 1285 665 1335 deinde
680 1301 805 1352 procuras,

187 1360 246 1425 Ipso
262 1374 299 1407 res
312 1359 367 1406 eius
384 1357 533 1407 attribuente
545 1358 609 1407 viro.

141 1430 250 1479 Pulcrius
266 1429 391 1497 obsequiis
406 1429 494 1478 iniuria
509 1430 617 1478 vincitur
632 1430 722 1489 omnis,

190 1502 272 1564 Quam
288 1501 308 1549 si
323 1500 526 1567 perpetuis'hanc
542 1501 612 1549 saties
629 1499 701 1549 odiis.

218 1691 262 1734 uu
277 1657 485 1761 Ansrrunucm
500 1690 541 1734 nr
557 1690 778 1735 unumunurm

487 1843 497 1886 5
526 1899 527 1903 ,

142 1931 353 1981 Permanethaud:
365 1932 480 2000 solidum
489 1932 529 1988 cui
546 1948 616 1980 saeva
630 1932 735 1998 pecunia
751 1948 856 1998 regnum

190 2003 242 2052 Aut
257 2003 634 2070 Venusimperitatluxuriesve
651 2002 736 2052 domat
746 2022 759 2053 :.

142 2076 237 2141 Regnat
253 2074 358 2136 costales
374 2074 418 2123 ubi
434 2086 490 2123 sunt
505 2074 594 2130 iniuria
609 2085 698 2141 pestes,

192 2146 256 2195 Cum
270 2147 337 2213 turpi
352 2145 417 2195 fama
432 2146 499 2212 linga
514 2161 612 2212 procax,
629 2145 694 2200 odia.

143 2217 233 2285 Scipio,
250 2218 361 2266 contritis
377 2234 426 2266 una
441 2217 529 2278 Poenis
546 2229 570 2266 et
586 2216 694 2277 Hiberis,
727 2259 728 2262 ,
747 2260 749 2263 .
767 2246 768 2249 =

192 2287 326 2338 Cuiusdam
340 2286 434 2337 formae
450 2300 560 2357 caeperat
571 2289 677 2338 eximiae

142 2359 253 2410 Indibilis
267 2374 388 2427 sponsamv
401 2377 475 2426 quam
489 2361 619 2428 praecipue
635 2377 787 2426 generosam,
851 2400 853 2405 ,

191 2431 279 2481 Annos
295 2443 354 2480 octo
365 2443 414 2480 'ter
424 2432 581 2498 Scipiotunc
596 2431 690 2491 habuit,
717 2474 719 2477 .
741 2460 743 2463 v

143 2504 192 2551 Hic
207 2504 259 2552 sine
275 2501 392 2568 coniugio
408 2503 553 2570 iuvenisque
567 2503 702 2570 puellaque
714 2503 787 2569 virgo

192 2574 269 2637 Quod
284 2575 341 2623 tulit
356 2575 471 2623 intactam
480 2572 587 2633 'reddere
603 2576 681 2623 miror
697 2592 767 2634 eam;
871 2598 893 2621 10

107 2753 122 2785 3,
135 2752 142 2774 1
155 2749 245 2785 permanet
256 2740 303 2775 haud
314 2742 330 2774 in
341 2751 381 2782 ras„
394 2739 440 2775 baud
451 2747 530 2785 suprascr.
579 2741 688 2785 (pe).(crmia)
700 2753 733 2776 rasi
