2068 3216
847 169 893 214 503

446 237 565 272 nussum
589 224 637 271 VII

233 368 297 415 Cum
312 366 403 415 Lichiis
420 366 533 426 Thraces,
549 383 606 415 cum
621 366 735 432 Frigibus
752 366 857 425 Cilices;

182 439 318 504 'Relliquias
334 438 414 487 doctis
431 438 538 487 modicas
554 438 637 503 pudor
652 438 734 487 obstat
749 438 853 487 Athenis

233 509 341 569 Mittere,
357 510 413 574 quis
429 509 491 557 olim
506 510 577 576 copia
592 510 669 559 multa
684 510 749 569 fuit,

185 584 267 631 Preter
282 580 405 630 Achilleas
420 581 498 629 valuit
513 581 627 648 praebere
642 580 737 630 favillas

233 654 278 704 Nil
294 653 325 701 ad
341 652 479 701 subsidium
494 654 624 718 Pergamus
641 654 756 712 Ionium;

186 727 246 774 Non
261 741 350 774 venere
367 724 421 783 Siri,
438 724 493 789 quis
509 725 630 789 praesidet
645 741 700 773 acer
714 725 741 773 in
756 725 829 773 armis

233 797 336 845 Moenia
352 795 491 844 Teneredus
508 795 662 845 Anthiocena
678 813 781 862 regens;

185 869 302 917 Certatim
317 868 382 916 vires
399 867 446 916 sibi
461 867 616 934 subpeditare
631 880 744 933 potentes

235 941 305 1002 Quae
321 939 394 988 subdi
411 939 487 988 soleat
502 939 581 988 insula
596 938 663 988 nulla
678 952 767 1005 negat:

187 1011 297 1077 Ephesus
314 1023 338 1059 et
353 1011 440 1071 Delos,
457 1010 577 1070 Mitilene,
592 1026 667 1078 parva
684 1010 807 1077 Seriphos,

233 1082 336 1142 Andria,
353 1083 423 1142 Caea,
440 1082 536 1148 Cipius,
552 1082 674 1149 Delphus,
690 1094 715 1131 et
732 1084 810 1141 Eolia,

185 1154 267 1203 Altrix
283 1155 361 1213 Creta,
377 1155 446 1203 Iovis
463 1154 559 1202 Saturni
573 1171 649 1220 regna
663 1154 766 1220 fugacis,

235 1227 340 1274 Centum
355 1226 456 1274 famosis
472 1225 575 1274 urbibus
591 1226 741 1292 imperitans,

187 1297 358 1363 Chaoniaeque
373 1296 463 1362 quibus
478 1297 553 1346 edunt
567 1298 665 1346 oracula
679 1313 791 1363 quercus,

234 1369 329 1417 Gnosia
345 1369 437 1434 quique
453 1370 533 1417 sciunt
549 1369 641 1435 spicula
656 1369 769 1434 dirigere.

187 1440 262 1488 Totas
278 1440 419 1506 linguarum
434 1441 559 1489 Patroclus
576 1441 626 1489 dux
641 1441 763 1489 variarum

234 1512 292 1560 Alas
310 1512 355 1560 sub
370 1513 475 1579 proprio
491 1511 613 1561 conthrait
627 1513 740 1579 irnperio,

187 1584 298 1648 Cumque
315 1583 473 1632 Boamundus
489 1583 650 1632 circumdaret
666 1584 796 1633 obsidione

234 1655 399 1714 Dirrachium,
416 1655 502 1704 subitis
519 1655 617 1705 advenit
633 1654 673 1703 hic
688 1656 783 1720 aquilis.

187 1727 256 1792 Ergo
272 1727 431 1776 Boamundus
448 1727 534 1776 heroas
550 1739 671 1776 convocat
686 1743 780 1786 omnes,

235 1798 376 1847 Concilium
390 1798 467 1865 cogit,
482 1798 662 1863 consiliumque
676 1799 747 1865 petit,

45 1880 104 1922 r127
186 1870 329 1918 Decernunt
345 1870 412 1919 bello
428 1871 472 1935 qui
486 1871 630 1938 propulsare
645 1870 796 1936 prophanos,

236 1941 326 1990 Electis
342 1942 454 2006 equitum
469 1942 569 1990 milibus
585 1959 613 1990 ac
627 1942 740 2008 peditum
748 1961 755 2001 ;

187 2012 280 2061 Aiunt:
299 2031 313 2060 «
321 2014 405 2062 vexari
420 2030 601 2079 nequamquam
616 2014 735 2062 exercitus
751 2013 832 2062 omnis

235 2083 338 2143 Debuit,
353 2085 380 2132 in
395 2085 478 2150 paucis
495 2085 541 2134 hos
557 2100 670 2151 superare
685 2084 784 2133 vales».

187 2155 288 2204 Cunctis
304 2155 449 2205 Guidonem
463 2157 611 2223 praefecerat
625 2169 696 2206 antea
710 2156 812 2205 fratrem

162 2255 163 2259 =
235 2228 301 2285 Dux,
318 2228 402 2276 cuneis
417 2228 503 2295 primis
520 2228 653 2295 suppositis
669 2228 730 2277 aliis.

187 2299 288 2364 Augens
304 2299 347 2348 ille
362 2300 413 2347 suis
429 2300 542 2348 stimulos
557 2300 590 2349 ita
605 2312 748 2367 praemonet
762 2300 816 2357 alis,

236 2370 289 2419 Etsi
305 2372 348 2419 vix
362 2371 430 2420 vallo
446 2371 541 2420 differat
556 2372 691 2439 opposito:

188 2443 251 2489 «En
266 2443 333 2490 votis
349 2459 464 2491 concessa
479 2444 537 2501 tuis,
554 2443 677 2492 Mavortia
692 2444 783 2508 proles,

236 2513 330 2562 Titanis
346 2513 426 2580 fulget
442 2515 504 2563 clara
520 2515 571 2563 dies
588 2515 676 2563 radiis!

158 2668 188 2699 132
198 2655 283 2689 Thraces:
296 2656 397 2700 hsuprascr.
447 2667 478 2698 144
489 2656 589 2700 imperitans
600 2659 616 2690 in
627 2667 659 2690 ras.
710 2659 740 2697 148
752 2656 848 2691 conthrait:
860 2668 902 2690 con-

118 2692 170 2738 tAhit
183 2704 234 2746 Jenal.
305 2716 336 2747 149
361 2704 489 2746 (circumd)aret
500 2704 591 2738 obsidione
602 2706 619 2737 in
630 2715 662 2738 ras.
733 2715 763 2748 15⁰
780 2704 840 2743 subito
851 2704 901 2748 Jenal.

120 2763 148 2795 155
161 2763 271 2795 nequaquam
282 2751 332 2794 Jenal.
382 2752 414 2785 160
427 2751 624 2795 (differat),..(opposito)
636 2763 669 2786 ras.
