2068 3216
221 145 270 202 438

415 227 550 262 MIRACULA
565 228 584 262 S.
601 227 740 263 BENEDICTI

221 356 320 422 Agrum
334 356 480 422 proscindis,
496 368 598 406 temeras
615 356 733 406 sollennia
748 357 840 422 patris:

270 427 323 478 Iam
338 427 460 477 mediante
476 427 524 488 die,
540 427 683 479 monachica
699 428 779 496 specie

222 499 271 548 Hic
286 499 378 566 palmas
394 511 473 548 aratro
488 500 617 548 constrixit
631 511 746 566 utrasque
762 498 875 549 bifurco:

271 569 334 619 Mox
348 569 407 620 facis
422 582 451 619 ut
466 583 562 630 votum,
578 571 651 639 ponis
667 571 748 620 honus
764 571 889 623 miserum.

222 643 364 692 Decernunt
379 643 470 708 plures,
485 643 575 709 probet
589 654 618 692 ut
633 643 764 694 certamine
779 643 850 693 miles

271 714 347 764 Patris
363 714 513 780 mancipium
528 715 572 780 qui
587 714 646 764 facit
661 731 713 764 esse
729 730 818 774 suum;

223 785 306 835 Umbo
323 785 372 835 ruit
386 785 468 853 clipei,
482 787 575 852 tegitur
590 802 641 852 quo
657 785 767 836 fervidus
782 786 869 845 hostis,
927 832 928 835 ,

271 857 411 922 Attritaque
426 874 501 908 manu
517 856 627 907 redditur
641 856 771 907 invalidus.

223 930 262 978 Ex
277 929 414 994 Evangelio
429 929 520 996 legitur
535 929 596 980 dum
610 929 684 979 lectio
701 941 793 989 sancto,

272 1001 379 1051 Plurima
394 1000 463 1067 plebs
479 1001 569 1060 aderat,
585 1001 628 1050 lux
643 1012 693 1050 erat
707 1000 750 1050 illa
765 1017 838 1061 sacra,

225 1072 294 1135 Quae
310 1072 398 1123 mulier
413 1073 482 1140 spina
497 1072 601 1139 degebat
615 1089 691 1128 curva
707 1072 794 1133 soluta,
931 1082 946 1118 f.
959 1084 1004 1126 nav

272 1144 397 1194 Producto
413 1144 496 1204 dorso,
513 1144 649 1211 subrigitur
664 1144 755 1194 subito,
797 1190 798 1193 ,

225 1216 307 1265 Frater
322 1216 348 1264 in
364 1217 476 1267 extremis
493 1233 536 1266 sua
551 1233 609 1265 cum
624 1216 712 1265 delicta
727 1214 798 1264 fateri

248 1325 251 1328 »
272 1287 387 1353 Distulitg
400 1287 513 1348 obticuit,
529 1303 589 1354 grex
602 1288 658 1354 pius
674 1288 811 1353 ingemuit3

225 1360 316 1408 Exorat
331 1371 426 1426 patrem
440 1360 554 1426 pereunti
569 1358 670 1409 reddere
685 1375 781 1418 vocem,

273 1430 382 1497 Agmina
398 1443 479 1481 sancta
493 1442 575 1491 vocat,
592 1431 688 1481 obtinet
703 1443 732 1485 ut
747 1430 847 1497 rogitat.v
862 1480 874 1484 ,,

225 1502 330 1552 Infestus
347 1503 393 1552 sibi
409 1504 492 1552 vicino
508 1503 779 1568 nimium‘patrisagro

273 1574 406 1629 Albericus,
419 1587 477 1635 erat‚-
494 1574 575 1641 sepius
591 1575 657 1624 hunc
672 1574 775 1642 populat
782 1593 792 1634 -;

224 1646 377 1713 Aggreditur
391 1646 490 1709 firmum
505 1663 563 1696 cum
578 1646 659 1700 multo
674 1647 753 1697 milite
768 1657 882 1705 castrum,

273 1717 386 1767 Deicitur
401 1718 451 1767 telo
467 1735 527 1767 mox
542 1718 675 1767 moriturus
692 1734 765 1785 equo.

226 1790 285 1839 Eius
302 1806 431 1856 germanus
447 1801 550 1839 renovat
564 1788 616 1839 fera
631 1789 696 1838 bella
711 1790 841 1855 Seguinus,
862 1837 864 1839 ,

274 1861 401 1910 Ruricolas
418 1861 515 1928 spoliat,
531 1877 635 1927 ruraque
651 1861 801 1929 depopulat3
882 1874 884 1877 ’

225 1933 319 1999 Lignea
333 1934 407 1982 turris
423 1945 481 1992 erat,
497 1934 571 1986 miser
586 1933 627 1982 hic
642 1933 732 1999 inqua
747 1931 884 1982 residebat:

275 2005 378 2054 Exalans
394 2005 508 2055 miseram
522 2005 617 2054 corruit
631 2005 689 2053 hinc
704 2004 817 2053 animam.

226 2077 290 2125 Pane
304 2076 380 2143 patris
394 2077 466 2144 pasti,
482 2075 629 2126 clauduntur
643 2087 717 2125 nocte
732 2076 839 2126 Molossi
922 2091 924 2100 ’

275 2148 333 2197 Uno
348 2147 468 2207 conclavi,
483 2163 542 2198 nare
557 2164 668 2213 sonoque
682 2147 760 2207 -boni;

227 2218 301 2268 Mane
315 2218 381 2269 fores
397 2220 475 2286 aperit
490 2231 601 2279 venator,
617 2219 684 2274 abire
698 2219 803 2287 putavit,

274 2290 401 2340 Defecisse
416 2308 486 2340 canes
502 2291 606 2358 ingemit
621 2303 694 2357 atque
710 2303 799 2357 stupet.

226 2362 343 2428 Armiger
357 2362 457 2412 herbosi
471 2362 612 2430 praecidens
629 2363 738 2429 gramina
752 2362 824 2429 prati,

274 2434 420 2500 Asportavit
436 2451 513 2501 equos
529 2446 557 2483 ut
572 2434 638 2484 cibet
653 2433 710 2483 inde
726 2451 802 2492 suos;

226 2505 345 2555 Admisso
361 2505 422 2556 dum
436 2505 512 2554 currit
528 2522 601 2571 equo,
618 2506 667 2554 ruit
683 2521 726 2555 ore
742 2506 840 2571 supino,

275 2577 329 2626 Fter
343 2575 431 2636 femur,
447 2590 472 2626 at
486 2593 601 2645 praeceps
617 2578 709 2627 interiit
724 2578 831 2644 sonipes.

228 2648 468 2714 Crimine„pro÷dito
484 2649 599 2715 religatus
616 2648 713 2705 brachia
728 2647 802 2707 ferro,

276 2720 344 2769 Vota·
357 2721 558 2786 precummultis
574 2720 744 2770 distribuendo
760 2720 829 2779 iocis,
