2068 3216
339 236 373 269 DE
388 236 595 279 Mauoaaamtaus
611 222 641 270 ΙΙ.
659 238 675 281 4

151 364 232 413 Certat
247 362 336 417 iuditio
352 362 499 414 contendere
513 375 611 430 praetor
626 363 721 429 iniquo,

198 434 275 484 Iudex
290 432 350 500 ergo
367 434 436 484 datur
452 446 564 484 strenuus
580 435 680 495 Atilius,

149 506 259 574 Precepit
274 506 392 555 Valerum
407 507 449 573 qui
465 522 562 565 causam
577 506 658 556 dicere
672 507 781 572 primum
791 526 805 558 z,

197 577 283 644 Egerit
298 589 326 627 ut
341 590 420 643 partes
435 578 543 628 consulis
558 579 600 628 ille
615 578 705 642 refert;

149 650 244 699 Lectica
260 649 374 710 claudum
389 650 490 699 iacuisse
505 650 629 716 redarguit
644 650 722 710 illum,

198 722 228 771 Se
242 721 346 787 pondus
357 721 415 771 belli
431 722 573 780 sustinuisse
589 722 680 781 trucis;

148 792 225 842 ludex
240 793 387 858 respondet:
410 794 520 850 «consul
540 793 687 843 contendere
707 795 799 843 cesset!

196 864 253 925 Dic,
268 876 374 931 praetor,
390 864 449 914 iuris
464 865 520 930 plus
536 864 571 914 ibi
587 865 626 914 cui
641 865 723 925 fuerit,

148 935 244 985 Bellum
259 937 408 1003 praeciperet
423 937 443 985 si
458 937 553 996 consul,
569 949 597 986 tu
612 936 762 1002 prohiberes,
800 953 802 956 ’

197 1007 272 1057 Cuius
289 1008 463 1075 complendum
478 1008 566 1058 dixeris
582 1008 714 1074 imperium
730 1008 741 1057 ?

149 1078 173 1128 Si
189 1079 239 1128 dux
254 1080 387 1145 auspitium
403 1080 505 1136 sortitur
519 1092 595 1147 tuque
611 1096 729 1139 seorsum,

197 1151 243 1200 Cui
258 1152 342 1217 potior
357 1151 438 1211 fuerit,
455 1151 502 1210 dic,
519 1150 655 1204 adhibenda
670 1150 730 1201 fides
739 1151 750 1200 ?
759 1170 773 1199 »

148 1223 254 1282 Praetor,-
264 1240 278 1271 «
286 1223 317 1273 ad
325 1222 384 1272 haec
391 1234 470 1289 partes
479 1223 521 1272 has
530 1235 622 1272 norunt
630 1222 738 1272 consulis
746 1239 856 1283 omnes»,

118 1319 122 1337 2
195 1294 278 1354 Iudex,
296 1295 407 1343 «maiori
422 1294 494 1343 caede
510 1295 591 1344 minor
600 1313 623 1354 »,
637 1294 730 1356 retulit.

147 1366 232 1414 Flacco
249 1366 359 1415 decretus
374 1366 452 1415 fuerat
468 1381 569 1432 persepe
584 1365 731 1433 triumphus,

196 1437 277 1500 Quem
292 1439 332 1486 vir
346 1437 444 1487 virtutis
461 1453 555 1486 sumere
571 1454 622 1486 non
637 1437 726 1486 voluit.
797 1490 799 1494 ,

146 1509 236 1558 Lucius
252 1521 280 1558 ut
295 1509 400 1558 tumidas
416 1509 539 1558 horrendo
556 1510 635 1557 Marte
658 1509 787 1574 Fregellas,

194 1580 294 1630 Fulvius
310 1592 338 1630 ut
353 1580 464 1646 refugam
479 1580 585 1630 restituit
600 1581 715 1646 Capuam,

145 1651 229 1701 Ambo
245 1652 418 1718 triumphalem
433 1652 514 1701 meriti
528 1652 620 1719 petiere
635 1667 760 1711 coronam,

195 1724 313 1790 Quaeque
328 1736 431 1789 negatur
446 1723 482 1772 eis
498 1740 543 1772 nec
557 1735 639 1772 tamen
655 1723 763 1773 invidia:

145 1794 232 1844 Auctis
248 1810 293 1861 pro
310 1795 381 1844 rebus
397 1794 445 1844 fuit
459 1795 526 1844 ultro
542 1810 597 1844 mos
614 1794 670 1844 dare
685 1795 788 1861 priscus,

194 1867 240 1915 Pro
257 1867 393 1915 restauratis
409 1866 491 1915 nullus
508 1882 561 1915 eam
576 1867 672 1915 meruit.

145 1938 221 1986 Porro
239 1937 354 1987 Siracusis
370 1938 455 1987 Marco
471 1950 597 2004 pugnante
612 1938 723 2003 receptis,

192 2007 293 2058 Publius
309 2021 441 2058 extremam
457 2009 570 2075 subiugat
586 2009 738 2074 Hesperiam,

145 2079 224 2140 Unde,
240 2080 394 2146 magistratus
411 2080 467 2148 quia
483 2079 531 2130 sint
546 2081 598 2129 sine
613 2080 714 2130 nomine
729 2080 804 2142 missi,

193 2151 307 2201 Obnubit
322 2152 411 2201 nitidas
427 2152 507 2201 laurea
522 2152 590 2201 nulla
604 2167 695 2201 comas.

144 2224 209 2271 Luce
224 2223 381 2289 triumpharit
397 2239 444 2289 qua
460 2223 512 2272 dux
526 2241 556 2272 ex
571 2239 641 2272 more
656 2222 753 2289 rogabit

192 2293 282 2343 Adsint
297 2305 325 2342 ut
341 2311 427 2344 caenae
442 2295 529 2344 consul
544 2306 646 2362 uterque
662 2311 726 2354 suae,

143 2365 235 2415 Denuo
251 2381 282 2415 ne
297 2366 396 2415 veniant
412 2377 472 2426 orat,
489 2382 520 2415 ne
535 2365 635 2432 dignior
650 2366 695 2415 illo

191 2436 236 2486 illa
252 2437 283 2486 sit
298 2453 381 2487 mensa
396 2437 435 2487 vir
450 2437 566 2486 recubans
583 2437 678 2504 aliquis.

144 2507 195 2572 Qui
210 2508 241 2558 de
256 2507 325 2557 civili
339 2508 412 2558 rediit
426 2509 556 2558 certamine
571 2509 660 2568 victor,

191 2578 266 2630 Nulla
281 2580 448 2646 triumphandi
464 2581 543 2647 gloria
558 2597 624 2629 cessa
640 2579 702 2630 sibi:

107 2758 127 2780 ῃ
139 2745 328 2790 (salamantinae)
341 2718 373 2780 ra.

874 601 896 623 20

873 960 892 991 25

872 1315 894 1348 30

870 1674 890 1708 35

849 2029 892 2061 ¹40
