2068 3216
223 122 271 184 376
444 209 525 245 Passio
542 211 563 244 Β.
581 210 665 244 naum
680 196 704 245 Π

219 336 331 386 Maxillas
347 338 420 394 etiam
435 338 567 404 plumbatis
583 339 658 405 impie
674 339 748 388 caedi.
881 398 883 401 .

220 408 414 474 «Blasphemare
430 410 489 459 deos
499 428 522 470 »,
539 410 633 470 clamat,
651 410 764 460 «desiste
780 427 915 478 supremos,

220 479 290 530 Offer
304 479 383 541 thura,
400 481 490 547 quibus
506 482 566 531 libat
581 481 697 532 libamina
713 482 828 543 mundus,

221 553 291 615 Quos
305 552 366 602 colit
378 553 515 619 Augustus
529 570 592 619 quos
605 554 685 620 placat
699 565 723 603 et
735 555 788 621 ipse
802 566 930 604 senatus».

220 625 298 674 Caelis
313 625 420 674 intentus
436 625 554 691 psallebat
569 625 626 675 talia
642 625 760 676 Maurus:

220 695 336 756 «Gratia,
353 696 456 757 Christe,
472 697 518 746 tibi
534 698 577 763 qui
593 713 632 746 me
648 699 693 746 ista
707 699 759 764 pati
774 698 884 758 voluisti,

219 767 301 817 Palma
316 769 418 818 martirii
434 770 477 834 qui
492 786 532 819 me
549 769 653 836 dignum
668 770 792 836 reputasti,

219 841 316 907 Proque
331 852 376 890 tuo
393 857 484 907 magno
501 841 543 890 das
560 841 662 890 nomine
677 857 717 891 me
732 842 849 900 cruciari;

218 910 338 961 Inferiora
353 913 437 962 Deum
451 928 498 980 pro
514 912 586 962 nobis
603 924 627 961 te
643 913 695 962 scio
710 927 810 980 passum

220 983 354 1034 Saeviciam
369 983 447 1033 rabidi
463 999 563 1051 pravam
578 985 681 1034 tolerare
697 986 816 1034 tiranni».

218 1056 304 1105 Intulit
319 1056 429 1105 invectus
445 1055 508 1105 furia
525 1069 608 1106 sancto
626 1057 767 1107 Celerinus:

221 1145 235 1175 «
243 1126 302 1177 iuro
318 1127 378 1176 deos
395 1144 488 1188 omnes,
505 1144 557 1177 non
572 1128 725 1195 indulgentia
740 1129 828 1189 flectet,

218 1198 279 1248 Non
294 1198 370 1265 pietas
386 1200 477 1260 vincet,
493 1200 594 1250 monitis
610 1201 700 1249 nostris
716 1201 764 1249 nisi
777 1216 856 1266 pares,

219 1271 288 1333 Quin
304 1271 367 1324 male
382 1271 520 1337 dispereas,
534 1272 583 1321 nisi
598 1272 645 1321 diis
661 1271 776 1331 libamina
791 1272 887 1331 fundas,

218 1342 272 1391 Fies
289 1342 427 1409 exemplum
442 1343 542 1409 reliquis
559 1344 602 1409 qui
618 1344 718 1393 numina
735 1356 858 1409 spernunt.

218 1415 321 1464 Nostras
338 1414 403 1464 forte
419 1431 505 1464 manus
522 1429 602 1481 speras
619 1415 721 1465 evadere
736 1417 826 1465 vivus:

218 1486 258 1536 Ne
273 1502 362 1553 speres,
378 1486 426 1535 nisi
442 1487 488 1536 diis
505 1486 610 1536 devotus
626 1488 698 1536 thura
713 1488 834 1547 cremaris,

217 1557 273 1607 Diis
289 1558 337 1607 nisi
353 1558 488 1619 sacrifices3
504 1558 615 1608 lacetabo
630 1570 684 1608 tuas
701 1559 764 1608 male
779 1575 862 1607 carnes

217 1631 290 1679 More
305 1630 436 1696 peregrini,
452 1647 484 1680 ne
499 1630 607 1680 confidas
624 1630 746 1696 tibiparci
755 1648 777 1680 ».

217 1700 275 1751 Infit
291 1702 322 1752 ad
337 1702 397 1751 haec
413 1702 523 1762 Maurus,
540 1702 632 1751 Christi
647 1702 784 1753 munimine
799 1701 893 1751 fultus:

219 1791 233 1822 «
242 1773 278 1823 Sit
294 1784 335 1823 tua
350 1790 403 1824 non
418 1774 504 1834 cernis,
520 1774 601 1834 miser,
618 1773 770 1840 indulgentia
786 1774 871 1839 quanti

217 1844 298 1895 Nobis
314 1860 360 1911 pro
377 1846 475 1895 Christo
491 1845 603 1912 cupimus
620 1846 664 1912 qui
679 1846 758 1895 milies
773 1846 828 1904 uri;

217 1918 334 1978 Demens,
350 1918 411 1966 nolo
426 1930 497 1983 putes
514 1935 528 1967 a
543 1928 567 1966 te
583 1934 623 1966 me
638 1917 703 1966 velle
718 1918 817 1977 remitti,

218 1990 262 2037 Est
277 2006 331 2039 mea
346 1988 455 2039 formido
471 2001 495 2038 te
510 1989 574 2038 velle
590 1988 651 2038 mihi
667 1989 792 2048 misereri3

216 2059 367 2120 Debachare,
382 2060 461 2122 ferox,
478 2072 597 2127 quantum
612 2061 660 2121 vis,
675 2072 808 2128 perstrepe,
825 2060 885 2118 sevi,

217 2132 343 2192 Excrucia‚
359 2143 456 2198 torque,
472 2132 535 2181 lania
550 2148 596 2199 pro
613 2133 714 2181 nomine
731 2132 836 2181 Christi:

216 2204 329 2253 intuleris
346 2204 464 2270 quicquid
480 2215 619 2253 constanter
634 2203 697 2253 ferre
712 2204 815 2253 videbis.
929 2212 1000 2256 tuta

217 2276 302 2341 Surge,
318 2276 382 2325 celer
406 2275 496 2325 fabrica
512 2287 634 2325 tormenta
649 2275 695 2325 tibi
711 2276 768 2340 quia
783 2291 867 2341 pauca,

216 2346 260 2397 Nil
276 2347 307 2396 de
322 2348 450 2398 tormentis
467 2363 566 2406 cessare,
582 2348 664 2406 miser,
679 2347 785 2414 patiaris,

217 2418 340 2469 Omnibus
357 2420 466 2485 expensis
483 2419 587 2469 alacrem
602 2419 680 2485 magis
697 2435 749 2468 esse
763 2418 881 2485 pavebis3

179 2583 211 2628 176
218 2582 257 2618 cedi
264 2584 283 2619 P.
362 2595 393 2628 177
401 2584 534 2628 (su)..(premos)
542 2594 575 2619 ras.
585 2585 607 2618 R.
681 2587 711 2627 178
720 2582 850 2627 (offer).(thura)
862 2594 895 2618 ras.
905 2583 926 2617 R.

144 2634 176 2666 180
189 2631 236 2674 celis,
250 2631 321 2666 intentis
339 2632 357 2666 P.
441 2635 472 2666 182
488 2632 565 2676 martyrii
583 2633 601 2666 P.
695 2635 724 2674 185
743 2631 824 2666 seviciam
841 2631 859 2665 P.
900 2638 927 2673 ty-

142 2678 192 2714 ranni
203 2680 222 2714 P.
279 2678 310 2713 186
322 2679 403 2714 inventus
412 2680 431 2714 P.
480 2691 509 2724 195
522 2680 561 2721 hec,
571 2680 635 2714 fluctus
648 2679 666 2713 P.
723 2690 753 2722 197
766 2679 827 2723 (u).(ri)
839 2689 879 2721 ras„
887 2689 926 2712 corr.

142 2738 164 2761 ex
171 2726 205 2763 viri
216 2728 237 2762 R.
286 2738 317 2771 199
329 2726 382 2761 miehi
390 2728 409 2762 Ρ.
458 2738 490 2769 2⁰4
501 2738 585 2762 cessarem
597 2728 615 2761 P.
