<?xml version="1.0" encoding="UTF-8"?>
<!DOCTYPE html PUBLIC "-//W3C//DTD XHTML 1.0 Transitional//EN"
    "http://www.w3.org/TR/xhtml1/DTD/xhtml1-transitional.dtd">
<html xmlns="http://www.w3.org/1999/xhtml" xml:lang="en" lang="en">
 <head>
  <title>
</title>
<meta http-equiv="Content-Type" content="text/html;charset=utf-8" />
  <meta name='ocr-system' content='tesseract 3.04.00' />
  <meta name='ocr-capabilities' content='ocr_page ocr_carea ocr_par ocr_line ocrx_word'/>
</head>
<body>
  <div class='ocr_page' id='page_1' title='image "MN40034ucmf_3_0179.png"; bbox 0 0 2068 3216; ppageno 0'>
   <div class='ocr_carea' id='block_1_1' title="bbox 288 180 632 241">
    <p class='ocr_par' dir='ltr' id='par_1_1' title="bbox 288 180 632 241">
     <span class='ocr_line' id='line_1_1' title="bbox 288 180 632 241; baseline 0.003 -14"><span class='ocrx_word' id='word_1_1' title='bbox 288 195 322 228; x_wconf 77' lang='lat' dir='ltr'>on</span> <span class='ocrx_word' id='word_1_2' title='bbox 338 194 544 228; x_wconf 66' lang='lat' dir='ltr'>murmuraremus</span> <span class='ocrx_word' id='word_1_3' title='bbox 560 180 603 228; x_wconf 90' lang='lat' dir='ltr'>IV.</span> <span class='ocrx_word' id='word_1_4' title='bbox 624 197 632 241; x_wconf 86' lang='lat'>5</span> 
     </span>
    </p>
   </div>
   <div class='ocr_carea' id='block_1_2' title="bbox 102 322 871 2748">
    <p class='ocr_par' dir='ltr' id='par_1_2' title="bbox 105 322 660 453">
     <span class='ocr_line' id='line_1_2' title="bbox 105 322 655 382; baseline 0.002 -12"><span class='ocrx_word' id='word_1_5' title='bbox 105 322 191 371; x_wconf 90' lang='lat' dir='ltr'>Pulsus</span> <span class='ocrx_word' id='word_1_6' title='bbox 207 322 339 371; x_wconf 78' lang='lat' dir='ltr'>Flaminius</span> <span class='ocrx_word' id='word_1_7' title='bbox 356 323 418 371; x_wconf 91' lang='lat' dir='ltr'>celsa</span> <span class='ocrx_word' id='word_1_8' title='bbox 434 322 464 370; x_wconf 90' lang='lat' dir='ltr'>de</span> <span class='ocrx_word' id='word_1_9' title='bbox 480 322 536 371; x_wconf 93' lang='lat' dir='ltr'>sede</span> <span class='ocrx_word' id='word_1_10' title='bbox 549 335 655 382; x_wconf 87' lang='lat' dir='ltr'>senatus,</span> 
     </span>
     <span class='ocr_line' id='line_1_3' title="bbox 153 394 660 453; baseline 0.002 -11"><span class='ocrx_word' id='word_1_11' title='bbox 153 395 281 442; x_wconf 82' lang='lat' dir='ltr'>Extremus</span> <span class='ocrx_word' id='word_1_12' title='bbox 298 394 368 453; x_wconf 90' lang='lat' dir='ltr'>sedit,</span> <span class='ocrx_word' id='word_1_13' title='bbox 385 395 471 442; x_wconf 88' lang='lat' dir='ltr'>consul</span> <span class='ocrx_word' id='word_1_14' title='bbox 487 394 527 442; x_wconf 90' lang='lat' dir='ltr'>hic</span> <span class='ocrx_word' id='word_1_15' title='bbox 543 405 597 442; x_wconf 87' lang='lat' dir='ltr'>ante</span> <span class='ocrx_word' id='word_1_16' title='bbox 613 394 660 443; x_wconf 86' lang='lat' dir='ltr'>fuit</span> 
     </span>
    </p>

    <p class='ocr_par' dir='ltr' id='par_1_3' title="bbox 106 465 764 604">
     <span class='ocr_line' id='line_1_4' title="bbox 106 465 764 533; baseline 0.005 -20"><span class='ocrx_word' id='word_1_17' title='bbox 106 465 290 531; x_wconf 77' lang='lat' dir='ltr'><strong>Germanusque</strong></span> <span class='ocrx_word' id='word_1_18' title='bbox 307 466 358 514; x_wconf 93' lang='lat' dir='ltr'>Titi</span> <span class='ocrx_word' id='word_1_19' title='bbox 374 481 457 531; x_wconf 88' lang='lat' dir='ltr'>regem</span> <span class='ocrx_word' id='word_1_20' title='bbox 473 467 595 514; x_wconf 82' lang='lat' dir='ltr'>Macetum</span> <span class='ocrx_word' id='word_1_21' title='bbox 612 468 764 533; x_wconf 87' lang='lat' dir='ltr'>superantis:</span> 
     </span>
     <span class='ocr_line' id='line_1_5' title="bbox 153 537 634 604; baseline -0.002 -18"><span class='ocrx_word' id='word_1_22' title='bbox 153 539 202 586; x_wconf 91' lang='lat' dir='ltr'>lste</span> <span class='ocrx_word' id='word_1_23' title='bbox 218 537 346 586; x_wconf 80' lang='lat' dir='ltr'>verebatur</span> <span class='ocrx_word' id='word_1_24' title='bbox 361 537 461 603; x_wconf 83' lang='lat' dir='ltr'>iungere</span> <span class='ocrx_word' id='word_1_25' title='bbox 477 554 502 586; x_wconf 89' lang='lat' dir='ltr'>se</span> <span class='ocrx_word' id='word_1_26' title='bbox 517 537 634 604; x_wconf 87' lang='lat' dir='ltr'>patribus.</span> 
     </span>
    </p>

    <p class='ocr_par' dir='ltr' id='par_1_4' title="bbox 107 608 736 746">
     <span class='ocr_line' id='line_1_6' title="bbox 107 608 736 675; baseline 0.002 -18"><span class='ocrx_word' id='word_1_27' title='bbox 107 608 183 671; x_wconf 92' lang='lat' dir='ltr'>Quod</span> <span class='ocrx_word' id='word_1_28' title='bbox 198 620 287 657; x_wconf 90' lang='lat' dir='ltr'>temere</span> <span class='ocrx_word' id='word_1_29' title='bbox 303 608 384 675; x_wconf 88' lang='lat' dir='ltr'>coepit</span> <span class='ocrx_word' id='word_1_30' title='bbox 400 609 478 658; x_wconf 90' lang='lat' dir='ltr'>Varro</span> <span class='ocrx_word' id='word_1_31' title='bbox 494 609 581 657; x_wconf 91' lang='lat' dir='ltr'>consul</span> <span class='ocrx_word' id='word_1_32' title='bbox 597 609 658 657; x_wconf 90' lang='lat' dir='ltr'>male</span> <span class='ocrx_word' id='word_1_33' title='bbox 674 609 736 670; x_wconf 83' lang='lat' dir='ltr'>finit,</span> 
     </span>
     <span class='ocr_line' id='line_1_7' title="bbox 154 679 680 746; baseline 0 -18"><span class='ocrx_word' id='word_1_34' title='bbox 154 680 232 728; x_wconf 91' lang='lat' dir='ltr'>Testis</span> <span class='ocrx_word' id='word_1_35' title='bbox 249 680 380 729; x_wconf 76' lang='lat' dir='ltr'>Cannensis</span> <span class='ocrx_word' id='word_1_36' title='bbox 396 696 479 746; x_wconf 83' lang='lat' dir='ltr'>pugna</span> <span class='ocrx_word' id='word_1_37' title='bbox 495 680 601 746; x_wconf 84' lang='lat' dir='ltr'>maligna</span> <span class='ocrx_word' id='word_1_38' title='bbox 616 679 680 740; x_wconf 87' lang='lat' dir='ltr'>fuit;</span> 
     </span>
    </p>

    <p class='ocr_par' dir='ltr' id='par_1_5' title="bbox 106 751 722 885">
     <span class='ocr_line' id='line_1_8' title="bbox 106 751 722 818; baseline 0.002 -19"><span class='ocrx_word' id='word_1_39' title='bbox 106 752 154 800; x_wconf 93' lang='lat' dir='ltr'>Hic</span> <span class='ocrx_word' id='word_1_40' title='bbox 170 752 314 800; x_wconf 78' lang='lat' dir='ltr'>dictaturam</span> <span class='ocrx_word' id='word_1_41' title='bbox 328 751 393 818; x_wconf 83' lang='lat' dir='ltr'>fugit</span> <span class='ocrx_word' id='word_1_42' title='bbox 408 751 442 800; x_wconf 94' lang='lat' dir='ltr'>ob</span> <span class='ocrx_word' id='word_1_43' title='bbox 458 752 555 818; x_wconf 90' lang='lat' dir='ltr'>culpam</span> <span class='ocrx_word' id='word_1_44' title='bbox 571 752 722 801; x_wconf 79' lang='lat' dir='ltr'>manifestam</span> 
     </span>
     <span class='ocr_line' id='line_1_9' title="bbox 155 823 715 885; baseline 0.002 -14"><span class='ocrx_word' id='word_1_45' title='bbox 155 823 274 885; x_wconf 83' lang='lat' dir='ltr'>Quamvis</span> <span class='ocrx_word' id='word_1_46' title='bbox 291 823 405 882; x_wconf 89' lang='lat' dir='ltr'>oblatam,</span> <span class='ocrx_word' id='word_1_47' title='bbox 422 823 482 871; x_wconf 93' lang='lat' dir='ltr'>dum</span> <span class='ocrx_word' id='word_1_48' title='bbox 498 835 566 872; x_wconf 77' lang='lat' dir='ltr'>cavet</span> <span class='ocrx_word' id='word_1_49' title='bbox 582 824 715 882; x_wconf 79' lang='lat' dir='ltr'>invidiam;</span> 
     </span>
    </p>

    <p class='ocr_par' dir='ltr' id='par_1_6' title="bbox 106 894 711 1032">
     <span class='ocr_line' id='line_1_10' title="bbox 106 894 711 962; baseline 0 -18"><span class='ocrx_word' id='word_1_50' title='bbox 106 897 161 944; x_wconf 93' lang='lat' dir='ltr'>Hoc</span> <span class='ocrx_word' id='word_1_51' title='bbox 176 895 234 944; x_wconf 86' lang='lat' dir='ltr'>fecit</span> <span class='ocrx_word' id='word_1_52' title='bbox 250 895 345 954; x_wconf 88' lang='lat' dir='ltr'>melius,</span> <span class='ocrx_word' id='word_1_53' title='bbox 361 912 418 943; x_wconf 91' lang='lat' dir='ltr'>nam</span> <span class='ocrx_word' id='word_1_54' title='bbox 432 894 521 943; x_wconf 79' lang='lat' dir='ltr'>fecerat</span> <span class='ocrx_word' id='word_1_55' title='bbox 536 896 619 943; x_wconf 90' lang='lat' dir='ltr'>omnia</span> <span class='ocrx_word' id='word_1_56' title='bbox 634 897 711 962; x_wconf 90' lang='lat' dir='ltr'>peius,</span> 
     </span>
     <span class='ocr_line' id='line_1_11' title="bbox 153 966 697 1032; baseline 0 -17"><span class='ocrx_word' id='word_1_57' title='bbox 153 966 276 1015; x_wconf 83' lang='lat' dir='ltr'>Laudibus</span> <span class='ocrx_word' id='word_1_58' title='bbox 292 967 318 1014; x_wconf 89' lang='lat' dir='ltr'>in</span> <span class='ocrx_word' id='word_1_59' title='bbox 334 966 402 1015; x_wconf 91' lang='lat' dir='ltr'>cuius</span> <span class='ocrx_word' id='word_1_60' title='bbox 419 966 466 1015; x_wconf 93' lang='lat' dir='ltr'>hoc</span> <span class='ocrx_word' id='word_1_61' title='bbox 482 967 559 1032; x_wconf 86' lang='lat' dir='ltr'>magis</span> <span class='ocrx_word' id='word_1_62' title='bbox 576 968 697 1015; x_wconf 87' lang='lat' dir='ltr'>astruitur.</span> 
     </span>
    </p>

    <p class='ocr_par' dir='ltr' id='par_1_7' title="bbox 107 1038 781 1177">
     <span class='ocr_line' id='line_1_12' title="bbox 107 1038 781 1105; baseline 0 -19"><span class='ocrx_word' id='word_1_63' title='bbox 107 1038 188 1105; x_wconf 86' lang='lat' dir='ltr'>Scipio</span> <span class='ocrx_word' id='word_1_64' title='bbox 205 1039 247 1105; x_wconf 92' lang='lat' dir='ltr'>qui</span> <span class='ocrx_word' id='word_1_65' title='bbox 264 1038 365 1097; x_wconf 87' lang='lat' dir='ltr'>Gneius,</span> <span class='ocrx_word' id='word_1_66' title='bbox 382 1039 467 1103; x_wconf 84' lang='lat' dir='ltr'>genuit</span> <span class='ocrx_word' id='word_1_67' title='bbox 483 1054 556 1105; x_wconf 91' lang='lat' dir='ltr'>quem</span> <span class='ocrx_word' id='word_1_68' title='bbox 573 1038 653 1105; x_wconf 86' lang='lat' dir='ltr'>Scipio</span> <span class='ocrx_word' id='word_1_69' title='bbox 670 1056 781 1104; x_wconf 86' lang='lat' dir='ltr'>magnus,</span> 
     </span>
     <span class='ocr_line' id='line_1_13' title="bbox 153 1109 675 1177; baseline 0 -19"><span class='ocrx_word' id='word_1_70' title='bbox 153 1111 234 1159; x_wconf 90' lang='lat' dir='ltr'>Poscit</span> <span class='ocrx_word' id='word_1_71' title='bbox 249 1122 386 1177; x_wconf 89' lang='lat' dir='ltr'>praeturam</span> <span class='ocrx_word' id='word_1_72' title='bbox 402 1109 443 1157; x_wconf 91' lang='lat' dir='ltr'>sed</span> <span class='ocrx_word' id='word_1_73' title='bbox 460 1110 581 1158; x_wconf 88' lang='lat' dir='ltr'>Cicereius</span> <span class='ocrx_word' id='word_1_74' title='bbox 597 1110 675 1170; x_wconf 87' lang='lat' dir='ltr'>obest,</span> 
     </span>
    </p>

    <p class='ocr_par' dir='ltr' id='par_1_8' title="bbox 106 1180 811 1320">
     <span class='ocr_line' id='line_1_14' title="bbox 106 1180 811 1249; baseline 0.001 -20"><span class='ocrx_word' id='word_1_75' title='bbox 106 1181 197 1246; x_wconf 89' lang='lat' dir='ltr'>Hiique</span> <span class='ocrx_word' id='word_1_76' title='bbox 203 1193 289 1249; x_wconf 92' lang='lat' dir='ltr'>petunt</span> <span class='ocrx_word' id='word_1_77' title='bbox 297 1197 416 1248; x_wconf 90' lang='lat' dir='ltr'>campum,</span> <span class='ocrx_word' id='word_1_78' title='bbox 425 1197 477 1247; x_wconf 84' lang='lat' dir='ltr'>quo</span> <span class='ocrx_word' id='word_1_79' title='bbox 482 1180 551 1247; x_wconf 90' lang='lat' dir='ltr'>plebs</span> <span class='ocrx_word' id='word_1_80' title='bbox 559 1193 712 1241; x_wconf 82' lang='lat' dir='ltr'>convenerat,</span> <span class='ocrx_word' id='word_1_81' title='bbox 721 1183 811 1246; x_wconf 93' lang='lat' dir='ltr'>ipsum,</span> 
     </span>
     <span class='ocr_line' id='line_1_15' title="bbox 154 1253 651 1320; baseline 0 -19"><span class='ocrx_word' id='word_1_82' title='bbox 154 1253 235 1320; x_wconf 89' lang='lat' dir='ltr'>Carpit</span> <span class='ocrx_word' id='word_1_83' title='bbox 251 1270 293 1302; x_wconf 91' lang='lat' dir='ltr'>eos</span> <span class='ocrx_word' id='word_1_84' title='bbox 309 1254 407 1318; x_wconf 85' lang='lat' dir='ltr'>vulgus,</span> <span class='ocrx_word' id='word_1_85' title='bbox 424 1253 530 1320; x_wconf 88' lang='lat' dir='ltr'>carpitur</span> <span class='ocrx_word' id='word_1_86' title='bbox 544 1254 651 1320; x_wconf 88' lang='lat' dir='ltr'>asperius</span> 
     </span>
    </p>

    <p class='ocr_par' dir='ltr' id='par_1_9' title="bbox 105 1324 871 1464">
     <span class='ocr_line' id='line_1_16' title="bbox 105 1324 871 1390; baseline -0.004 -17"><span class='ocrx_word' id='word_1_87' title='bbox 105 1324 234 1373; x_wconf 92' lang='lat' dir='ltr'>Obstiterit</span> <span class='ocrx_word' id='word_1_88' title='bbox 251 1325 331 1373; x_wconf 89' lang='lat' dir='ltr'>Gneio</span> <span class='ocrx_word' id='word_1_89' title='bbox 348 1324 465 1390; x_wconf 89' lang='lat' dir='ltr'>quoniam</span> <span class='ocrx_word' id='word_1_90' title='bbox 481 1325 601 1373; x_wconf 90' lang='lat' dir='ltr'>Cicereius</span> <span class='ocrx_word' id='word_1_91' title='bbox 618 1324 713 1373; x_wconf 89' lang='lat' dir='ltr'>honoro</span> <span class='ocrx_word' id='word_1_92' title='bbox 812 1336 825 1371; x_wconf 85' lang='lat' dir='ltr'>f.</span> <span class='ocrx_word' id='word_1_93' title='bbox 836 1347 871 1378; x_wconf 76' lang='lat' dir='ltr'>44v</span> 
     </span>
     <span class='ocr_line' id='line_1_17' title="bbox 153 1396 663 1464; baseline 0 -20"><span class='ocrx_word' id='word_1_94' title='bbox 153 1397 185 1444; x_wconf 87' lang='lat' dir='ltr'>Et</span> <span class='ocrx_word' id='word_1_95' title='bbox 200 1408 250 1444; x_wconf 90' lang='lat' dir='ltr'>tam</span> <span class='ocrx_word' id='word_1_96' title='bbox 264 1396 386 1462; x_wconf 86' lang='lat' dir='ltr'>praeclaro</span> <span class='ocrx_word' id='word_1_97' title='bbox 402 1396 432 1464; x_wconf 89' lang='lat' dir='ltr'>de</span> <span class='ocrx_word' id='word_1_98' title='bbox 449 1396 510 1444; x_wconf 88' lang='lat' dir='ltr'>duce</span> <span class='ocrx_word' id='word_1_99' title='bbox 525 1397 663 1462; x_wconf 85' lang='lat' dir='ltr'>progenito,</span> 
     </span>
    </p>

    <p class='ocr_par' dir='ltr' id='par_1_10' title="bbox 105 1467 725 1606">
     <span class='ocr_line' id='line_1_18' title="bbox 105 1467 725 1533; baseline 0.003 -17"><span class='ocrx_word' id='word_1_100' title='bbox 105 1468 217 1517; x_wconf 88' lang='lat' dir='ltr'>Protinus</span> <span class='ocrx_word' id='word_1_101' title='bbox 234 1468 259 1515; x_wconf 89' lang='lat' dir='ltr'>in</span> <span class='ocrx_word' id='word_1_102' title='bbox 274 1467 371 1516; x_wconf 91' lang='lat' dir='ltr'>laudem</span> <span class='ocrx_word' id='word_1_103' title='bbox 387 1468 429 1533; x_wconf 91' lang='lat' dir='ltr'>qui</span> <span class='ocrx_word' id='word_1_104' title='bbox 445 1469 518 1516; x_wconf 87' lang='lat' dir='ltr'>vertit</span> <span class='ocrx_word' id='word_1_105' title='bbox 533 1467 603 1516; x_wconf 86' lang='lat' dir='ltr'>futile</span> <span class='ocrx_word' id='word_1_106' title='bbox 619 1468 725 1518; x_wconf 89' lang='lat' dir='ltr'>crimen:</span> 
     </span>
     <span class='ocr_line' id='line_1_19' title="bbox 153 1539 705 1606; baseline 0 -19"><span class='ocrx_word' id='word_1_107' title='bbox 153 1540 272 1602; x_wconf 78' lang='lat' dir='ltr'>Quamvis</span> <span class='ocrx_word' id='word_1_108' title='bbox 288 1539 409 1588; x_wconf 86' lang='lat' dir='ltr'>centuriae</span> <span class='ocrx_word' id='word_1_109' title='bbox 425 1556 450 1587; x_wconf 91' lang='lat' dir='ltr'>se</span> <span class='ocrx_word' id='word_1_110' title='bbox 466 1539 544 1605; x_wconf 85' lang='lat' dir='ltr'>magis</span> <span class='ocrx_word' id='word_1_111' title='bbox 560 1551 705 1606; x_wconf 84' lang='lat' dir='ltr'>expeterent,</span> 
     </span>
    </p>

    <p class='ocr_par' dir='ltr' id='par_1_11' title="bbox 104 1610 682 1749">
     <span class='ocr_line' id='line_1_20' title="bbox 104 1610 682 1678; baseline -0.002 -19"><span class='ocrx_word' id='word_1_112' title='bbox 104 1610 206 1659; x_wconf 81' lang='lat' dir='ltr'>Abiecta</span> <span class='ocrx_word' id='word_1_113' title='bbox 222 1611 338 1659; x_wconf 88' lang='lat' dir='ltr'>candente</span> <span class='ocrx_word' id='word_1_114' title='bbox 354 1623 420 1676; x_wconf 79' lang='lat' dir='ltr'>toga,</span> <span class='ocrx_word' id='word_1_115' title='bbox 438 1627 485 1678; x_wconf 89' lang='lat' dir='ltr'>qua</span> <span class='ocrx_word' id='word_1_116' title='bbox 501 1627 569 1659; x_wconf 87' lang='lat' dir='ltr'>more</span> <span class='ocrx_word' id='word_1_117' title='bbox 585 1623 682 1659; x_wconf 82' lang='lat' dir='ltr'>vetusto</span> 
     </span>
     <span class='ocr_line' id='line_1_21' title="bbox 151 1682 638 1749; baseline -0.004 -17"><span class='ocrx_word' id='word_1_118' title='bbox 151 1683 264 1732; x_wconf 89' lang='lat' dir='ltr'>Induitur</span> <span class='ocrx_word' id='word_1_119' title='bbox 279 1682 354 1738; x_wconf 84' lang='lat' dir='ltr'>fasces</span> <span class='ocrx_word' id='word_1_120' title='bbox 372 1684 414 1749; x_wconf 92' lang='lat' dir='ltr'>qui</span> <span class='ocrx_word' id='word_1_121' title='bbox 429 1683 491 1748; x_wconf 89' lang='lat' dir='ltr'>petit</span> <span class='ocrx_word' id='word_1_122' title='bbox 506 1700 520 1730; x_wconf 91' lang='lat' dir='ltr'>a</span> <span class='ocrx_word' id='word_1_123' title='bbox 535 1682 638 1749; x_wconf 90' lang='lat' dir='ltr'>populo,</span> 
     </span>
    </p>

    <p class='ocr_par' dir='ltr' id='par_1_12' title="bbox 103 1753 679 1892">
     <span class='ocr_line' id='line_1_22' title="bbox 103 1753 679 1821; baseline -0.002 -19"><span class='ocrx_word' id='word_1_124' title='bbox 103 1754 180 1802; x_wconf 87' lang='lat' dir='ltr'>Instat</span> <span class='ocrx_word' id='word_1_125' title='bbox 194 1770 240 1821; x_wconf 89' lang='lat' dir='ltr'>pro</span> <span class='ocrx_word' id='word_1_126' title='bbox 258 1754 348 1813; x_wconf 84' lang='lat' dir='ltr'>Gneio,</span> <span class='ocrx_word' id='word_1_127' title='bbox 365 1753 469 1802; x_wconf 81' lang='lat' dir='ltr'>donatur</span> <span class='ocrx_word' id='word_1_128' title='bbox 485 1754 580 1802; x_wconf 89' lang='lat' dir='ltr'>honore</span> <span class='ocrx_word' id='word_1_129' title='bbox 595 1754 679 1818; x_wconf 90' lang='lat' dir='ltr'>cupito</span> 
     </span>
     <span class='ocr_line' id='line_1_23' title="bbox 152 1825 679 1892; baseline -0.002 -18"><span class='ocrx_word' id='word_1_130' title='bbox 152 1826 245 1874; x_wconf 89' lang='lat' dir='ltr'>Gneius</span> <span class='ocrx_word' id='word_1_131' title='bbox 261 1841 307 1891; x_wconf 90' lang='lat' dir='ltr'>pro</span> <span class='ocrx_word' id='word_1_132' title='bbox 322 1826 406 1892; x_wconf 90' lang='lat' dir='ltr'>patriis</span> <span class='ocrx_word' id='word_1_133' title='bbox 422 1826 554 1874; x_wconf 90' lang='lat' dir='ltr'>innumeris</span> <span class='ocrx_word' id='word_1_134' title='bbox 570 1825 679 1884; x_wconf 90' lang='lat' dir='ltr'>meritis;</span> 
     </span>
    </p>

    <p class='ocr_par' dir='ltr' id='par_1_13' title="bbox 103 1895 700 2035">
     <span class='ocr_line' id='line_1_24' title="bbox 103 1895 692 1964; baseline -0.002 -19"><span class='ocrx_word' id='word_1_135' title='bbox 103 1897 187 1946; x_wconf 87' lang='lat' dir='ltr'>Donat</span> <span class='ocrx_word' id='word_1_136' title='bbox 202 1897 270 1964; x_wconf 87' lang='lat' dir='ltr'>plebs</span> <span class='ocrx_word' id='word_1_137' title='bbox 286 1897 347 1945; x_wconf 92' lang='lat' dir='ltr'>alios</span> <span class='ocrx_word' id='word_1_138' title='bbox 364 1897 472 1945; x_wconf 89' lang='lat' dir='ltr'>Cicereio</span> <span class='ocrx_word' id='word_1_139' title='bbox 489 1898 562 1962; x_wconf 86' lang='lat' dir='ltr'>gratis</span> <span class='ocrx_word' id='word_1_140' title='bbox 579 1895 692 1955; x_wconf 89' lang='lat' dir='ltr'>honores,</span> 
     </span>
     <span class='ocr_line' id='line_1_25' title="bbox 151 1967 700 2035; baseline -0.002 -18"><span class='ocrx_word' id='word_1_141' title='bbox 151 1969 234 2017; x_wconf 89' lang='lat' dir='ltr'>Primo</span> <span class='ocrx_word' id='word_1_142' title='bbox 250 1969 357 2035; x_wconf 88' lang='lat' dir='ltr'>culparat</span> <span class='ocrx_word' id='word_1_143' title='bbox 374 1985 447 2033; x_wconf 90' lang='lat' dir='ltr'>quem</span> <span class='ocrx_word' id='word_1_144' title='bbox 462 1968 539 2017; x_wconf 90' lang='lat' dir='ltr'>modo</span> <span class='ocrx_word' id='word_1_145' title='bbox 555 1967 700 2034; x_wconf 85' lang='lat' dir='ltr'>magnificat.</span> 
     </span>
    </p>

    <p class='ocr_par' dir='ltr' id='par_1_14' title="bbox 104 2039 683 2178">
     <span class='ocr_line' id='line_1_26' title="bbox 104 2039 683 2107; baseline -0.002 -19"><span class='ocrx_word' id='word_1_146' title='bbox 104 2040 219 2089; x_wconf 89' lang='lat' dir='ltr'>Obtinuit</span> <span class='ocrx_word' id='word_1_147' title='bbox 236 2041 333 2089; x_wconf 87' lang='lat' dir='ltr'>Crassus</span> <span class='ocrx_word' id='word_1_148' title='bbox 349 2039 401 2088; x_wconf 92' lang='lat' dir='ltr'>fieri</span> <span class='ocrx_word' id='word_1_149' title='bbox 418 2040 488 2088; x_wconf 93' lang='lat' dir='ltr'>solita</span> <span class='ocrx_word' id='word_1_150' title='bbox 503 2055 574 2107; x_wconf 85' lang='lat' dir='ltr'>prece</span> <span class='ocrx_word' id='word_1_151' title='bbox 590 2040 683 2098; x_wconf 89' lang='lat' dir='ltr'>consul,</span> 
     </span>
     <span class='ocr_line' id='line_1_27' title="bbox 152 2110 646 2178; baseline -0.002 -18"><span class='ocrx_word' id='word_1_152' title='bbox 152 2112 262 2178; x_wconf 85' lang='lat' dir='ltr'>Cogitur,</span> <span class='ocrx_word' id='word_1_153' title='bbox 279 2112 304 2159; x_wconf 93' lang='lat' dir='ltr'>in</span> <span class='ocrx_word' id='word_1_154' title='bbox 320 2123 375 2159; x_wconf 91' lang='lat' dir='ltr'>toto</span> <span class='ocrx_word' id='word_1_155' title='bbox 390 2111 461 2178; x_wconf 86' lang='lat' dir='ltr'>plebe</span> <span class='ocrx_word' id='word_1_156' title='bbox 478 2111 575 2160; x_wconf 90' lang='lat' dir='ltr'>sedente</span> <span class='ocrx_word' id='word_1_157' title='bbox 590 2110 646 2159; x_wconf 82' lang='lat' dir='ltr'>foro</span> 
     </span>
    </p>

    <p class='ocr_par' dir='ltr' id='par_1_15' title="bbox 103 2183 727 2321">
     <span class='ocr_line' id='line_1_28' title="bbox 103 2183 727 2250; baseline -0.003 -18"><span class='ocrx_word' id='word_1_158' title='bbox 103 2184 175 2232; x_wconf 89' lang='lat' dir='ltr'>More</span> <span class='ocrx_word' id='word_1_159' title='bbox 191 2200 244 2242; x_wconf 92' lang='lat' dir='ltr'>suo,</span> <span class='ocrx_word' id='word_1_160' title='bbox 262 2183 363 2250; x_wconf 82' lang='lat' dir='ltr'>supplex</span> <span class='ocrx_word' id='word_1_161' title='bbox 378 2183 471 2231; x_wconf 88' lang='lat' dir='ltr'>cunctis</span> <span class='ocrx_word' id='word_1_162' title='bbox 486 2183 625 2250; x_wconf 86' lang='lat' dir='ltr'>persolvere</span> <span class='ocrx_word' id='word_1_163' title='bbox 641 2194 727 2247; x_wconf 78' lang='lat' dir='ltr'>grates,</span> 
     </span>
     <span class='ocr_line' id='line_1_29' title="bbox 152 2255 673 2321; baseline -0.006 -17"><span class='ocrx_word' id='word_1_164' title='bbox 152 2255 252 2304; x_wconf 88' lang='lat' dir='ltr'>Scevola</span> <span class='ocrx_word' id='word_1_165' title='bbox 267 2270 342 2321; x_wconf 90' lang='lat' dir='ltr'>porro</span> <span class='ocrx_word' id='word_1_166' title='bbox 358 2270 427 2303; x_wconf 89' lang='lat' dir='ltr'>socer</span> <span class='ocrx_word' id='word_1_167' title='bbox 443 2255 494 2302; x_wconf 90' lang='lat' dir='ltr'>eius</span> <span class='ocrx_word' id='word_1_168' title='bbox 511 2266 560 2303; x_wconf 91' lang='lat' dir='ltr'>erat</span> <span class='ocrx_word' id='word_1_169' title='bbox 576 2255 673 2320; x_wconf 78' lang='lat' dir='ltr'>pariter,</span> 
     </span>
    </p>

    <p class='ocr_par' dir='ltr' id='par_1_16' title="bbox 104 2325 705 2455">
     <span class='ocr_line' id='line_1_30' title="bbox 104 2325 705 2392; baseline -0.003 -17"><span class='ocrx_word' id='word_1_170' title='bbox 104 2327 161 2388; x_wconf 88' lang='lat' dir='ltr'>Quo</span> <span class='ocrx_word' id='word_1_171' title='bbox 177 2337 301 2392; x_wconf 89' lang='lat' dir='ltr'>praesente</span> <span class='ocrx_word' id='word_1_172' title='bbox 316 2325 393 2391; x_wconf 91' lang='lat' dir='ltr'>pudet</span> <span class='ocrx_word' id='word_1_173' title='bbox 408 2326 454 2374; x_wconf 89' lang='lat' dir='ltr'>vili</span> <span class='ocrx_word' id='word_1_174' title='bbox 470 2342 495 2373; x_wconf 91' lang='lat' dir='ltr'>se</span> <span class='ocrx_word' id='word_1_175' title='bbox 511 2325 613 2374; x_wconf 90' lang='lat' dir='ltr'>subdere</span> <span class='ocrx_word' id='word_1_176' title='bbox 630 2341 705 2383; x_wconf 90' lang='lat' dir='ltr'>more,</span> 
     </span>
     <span class='ocr_line' id='line_1_31' title="bbox 152 2397 637 2455; baseline -0.004 -9"><span class='ocrx_word' id='word_1_177' title='bbox 152 2398 213 2446; x_wconf 87' lang='lat' dir='ltr'>Orat</span> <span class='ocrx_word' id='word_1_178' title='bbox 228 2410 256 2446; x_wconf 92' lang='lat' dir='ltr'>ut</span> <span class='ocrx_word' id='word_1_179' title='bbox 271 2397 383 2445; x_wconf 89' lang='lat' dir='ltr'>abscedat</span> <span class='ocrx_word' id='word_1_180' title='bbox 399 2397 478 2446; x_wconf 89' lang='lat' dir='ltr'>donec</span> <span class='ocrx_word' id='word_1_181' title='bbox 493 2397 519 2445; x_wconf 93' lang='lat' dir='ltr'>id</span> <span class='ocrx_word' id='word_1_182' title='bbox 535 2397 621 2445; x_wconf 87' lang='lat' dir='ltr'>efficiat</span> <span class='ocrx_word' id='word_1_183' title='bbox 629 2415 637 2455; x_wconf 50' lang='lat'>¹;</span> 
     </span>
    </p>

    <p class='ocr_par' dir='ltr' id='par_1_17' title="bbox 103 2469 687 2606">
     <span class='ocr_line' id='line_1_32' title="bbox 103 2469 687 2534; baseline -0.003 -17"><span class='ocrx_word' id='word_1_184' title='bbox 103 2470 182 2518; x_wconf 87' lang='lat' dir='ltr'>Solius</span> <span class='ocrx_word' id='word_1_185' title='bbox 199 2469 275 2518; x_wconf 89' lang='lat' dir='ltr'>soceri</span> <span class='ocrx_word' id='word_1_186' title='bbox 291 2469 368 2533; x_wconf 84' lang='lat' dir='ltr'>magis</span> <span class='ocrx_word' id='word_1_187' title='bbox 385 2481 420 2517; x_wconf 91' lang='lat' dir='ltr'>est</span> <span class='ocrx_word' id='word_1_188' title='bbox 435 2469 527 2517; x_wconf 78' lang='lat' dir='ltr'>ueritus</span> <span class='ocrx_word' id='word_1_189' title='bbox 544 2469 687 2534; x_wconf 81' lang='lat' dir='ltr'>gravitatem</span> 
     </span>
     <span class='ocr_line' id='line_1_33' title="bbox 149 2540 682 2606; baseline -0.006 -16"><span class='ocrx_word' id='word_1_190' title='bbox 149 2541 254 2590; x_wconf 88' lang='lat' dir='ltr'>Plurima</span> <span class='ocrx_word' id='word_1_191' title='bbox 269 2540 400 2605; x_wconf 88' lang='lat' dir='ltr'>praesentis</span> <span class='ocrx_word' id='word_1_192' title='bbox 417 2540 483 2588; x_wconf 91' lang='lat' dir='ltr'>milia</span> <span class='ocrx_word' id='word_1_193' title='bbox 499 2556 573 2606; x_wconf 90' lang='lat' dir='ltr'>quam</span> <span class='ocrx_word' id='word_1_194' title='bbox 588 2540 682 2605; x_wconf 73' lang='lat' dir='ltr'>populi,</span> 
     </span>
    </p>

    <p class='ocr_par' dir='ltr' id='par_1_18' title="bbox 102 2611 692 2748">
     <span class='ocr_line' id='line_1_34' title="bbox 102 2611 692 2679; baseline -0.005 -18"><span class='ocrx_word' id='word_1_195' title='bbox 102 2613 198 2679; x_wconf 85' lang='lat' dir='ltr'>Campis</span> <span class='ocrx_word' id='word_1_196' title='bbox 215 2612 345 2676; x_wconf 88' lang='lat' dir='ltr'>Pompeius</span> <span class='ocrx_word' id='word_1_197' title='bbox 362 2611 386 2658; x_wconf 92' lang='lat' dir='ltr'>in</span> <span class='ocrx_word' id='word_1_198' title='bbox 403 2611 543 2660; x_wconf 76' lang='lat' dir='ltr'>Plrarsalicis</span> <span class='ocrx_word' id='word_1_199' title='bbox 560 2623 692 2676; x_wconf 82' lang='lat' dir='ltr'>superatus,</span> 
     </span>
     <span class='ocr_line' id='line_1_35' title="bbox 150 2682 690 2748; baseline -0.006 -15"><span class='ocrx_word' id='word_1_200' title='bbox 150 2684 242 2733; x_wconf 89' lang='lat' dir='ltr'>Urbem</span> <span class='ocrx_word' id='word_1_201' title='bbox 257 2683 377 2731; x_wconf 87' lang='lat' dir='ltr'>Larissam</span> <span class='ocrx_word' id='word_1_202' title='bbox 392 2683 452 2731; x_wconf 92' lang='lat' dir='ltr'>dum</span> <span class='ocrx_word' id='word_1_203' title='bbox 467 2682 531 2748; x_wconf 81' lang='lat' dir='ltr'>fugit</span> <span class='ocrx_word' id='word_1_204' title='bbox 547 2682 690 2747; x_wconf 82' lang='lat' dir='ltr'>ingreditur,</span> 
     </span>
    </p>
   </div>
   <div class='ocr_carea' id='block_1_3' title="bbox 0 0 1038 3216">
    <p class='ocr_par' dir='ltr' id='par_1_19' title="bbox 0 0 1038 3216">
     <span class='ocr_line' id='line_1_36' title="bbox 0 0 1038 3216; baseline 0 1"><span class='ocrx_word' id='word_1_205' title='bbox 0 0 1038 3216; x_wconf 95' lang='lat' dir='ltr'> </span> 
     </span>
    </p>
   </div>
  </div>
 </body>
</html>
