2068 3216
130 96 162 159 76
253 183 287 217 DE
303 183 511 218 Mauouaamruus
526 170 569 218 ΠΙ.
588 170 602 218 6
618 198 628 205 -
643 170 686 219 HI.
705 188 719 233 7

130 311 208 360 Graio
224 311 326 377 palliolo
342 311 494 378 crepidisque
510 310 660 378 frequentius
676 330 742 373 usus,

180 382 284 448 Segnior
299 383 330 432 ad
346 383 449 437 solitum
463 399 515 447 non
525 395 580 446 erat
596 384 733 451 imperium,

130 454 286 520 Miliciaeque
302 454 371 519 gravi
386 455 453 521 prius
470 454 604 503 insistendo
614 454 706 516 labori,
736 478 738 481 ’

180 525 294 575 Sumebat
310 525 377 574 lassis
393 526 520 592 paginulas
536 526 651 575 humeris.

131 598 213 664 Scipio
231 597 339 663 sculptus
355 609 405 646 erat
421 597 562 646 clamidatus
580 614 621 646 seu
637 598 780 665 crepidatus,

179 668 261 717 Huius
277 685 345 728 avus,
363 680 444 717 suetus
462 669 504 736 qui
520 668 568 717 fuit
583 669 631 718 hoc
647 669 738 720 habitu.

130 742 191 790 Non
207 739 318 789 deforme
332 740 380 789 sibi
397 740 447 789 dux
461 739 538 789 factus
557 740 617 789 Silla
628 742 725 808 putavit

180 813 236 860 Hoc
252 812 319 860 cultu
335 812 380 860 vili
396 811 484 877 degere
501 812 660 878 Parthenope.

130 883 205 932 Afros
221 884 301 932 navali
317 884 360 950 qui
375 883 468 949 primus
484 900 564 949 agone
580 883 698 949 subaegit,

179 955 203 1003 A
219 971 295 1004 coena
311 956 425 1021 quotiens
442 953 514 1003 nocte
531 955 634 1003 domum
649 967 750 1022 peteret,

131 1026 277 1075 Praecedens
295 1027 395 1075 Gneum
410 1026 499 1074 funalis
516 1042 612 1075 caereus
628 1027 685 1086 ibat,

102 1113 104 1115 ·
179 1099 300 1147 Necnon
316 1098 541 1157 tibicen-tinnulus
558 1110 581 1146 et
597 1098 692 1147 fidicen.
742 1133 743 1136 =

131 1169 240 1236 Papirius
257 1171 340 1219 Masso
356 1170 466 1236 privatur
481 1170 507 1217 in
523 1168 583 1217 urbe
599 1170 737 1237 triumphu,
825 1182 853 1217 ·f.
868 1193 902 1226 ψ

180 1240 274 1290 Primus
290 1241 316 1289 in
331 1240 430 1290 Albano
447 1252 531 1289 monte
547 1241 681 1308 triumphat
696 1241 730 1290 ob
746 1242 810 1290 hoc:

132 1312 260 1379 Spectaclis
278 1313 391 1380 quotiens
408 1312 518 1361 interfuit
533 1313 702 1379 amphiteatri,⁴

180 1385 227 1433 Pto
244 1384 313 1432 lauro
329 1385 416 1433 mirtus
432 1384 492 1432 texit
507 1398 583 1448 opaca
600 1396 679 1450 caput,

132 1457 200 1522 Ergo
216 1456 398 1523 triumpharunt
414 1454 456 1503 ibi
465 1471 528 1521 quos
543 1458 781 1522 patres‘reputarunt

179 1527 299 1593 Indignos
314 1527 403 1593 populi
418 1525 543 1593 plausibus
559 1527 676 1576 altisonis.
775 1532 777 1535 ’

131 1599 166 1647 At
182 1600 255 1647 Marii
271 1598 363 1647 factum
379 1598 535 1646 convincitur
551 1614 602 1646 esse
618 1597 759 1664 superbum-
824 1624 826 1627 ·

181 1670 339 1729 Teutonicos,
357 1669 478 1728 Cimbros,
495 1669 586 1717 vicerat
602 1680 626 1718 et
642 1669 778 1719 Numidas:

133 1741 266 1791 Cantharus
278 1742 336 1790 huic
347 1753 436 1808 potum
447 1740 496 1799 dat,
508 1741 534 1788 in
545 1740 593 1789 hoc
605 1741 678 1790 Liber
689 1742 746 1807 quia
756 1741 844 1790 vinum

179 1813 247 1862 Indis
264 1812 374 1862 sumebat
389 1814 438 1861 iam
454 1812 500 1861 sibi
516 1811 656 1878 subpositis.

132 1884 166 1932 At
181 1896 342 1949 praetextatus
359 1885 421 1933 Cato
438 1883 507 1942 dixit,
523 1899 575 1931 non
590 1883 719 1943 trabeatus,

181 1957 238 2005 Mos
254 1967 282 2005 ut
298 1967 348 2005 etat
363 1955 466 2020 priscus,
483 1954 560 2003 civica
575 1954 669 2004 iuditia.

395 2099 439 2143 DE
454 2098 581 2144 FIDUCIA

419 2259 420 2262 =
458 2274 459 2277 ,
478 2226 492 2272 7

133 2315 200 2365 Binis
218 2315 334 2382 Scipiadis
351 2316 425 2365 caesis
440 2316 549 2381 totisque
565 2315 677 2382 maniplis

181 2385 238 2435 Afri
252 2386 403 2453 pugnabant,
420 2387 565 2453 Hesperiam
580 2387 701 2446 tulerant,v

133 2459 180 2507 His
196 2475 226 2507 ex
241 2458 359 2507 Romanis
374 2458 513 2524 grandevus
529 2473 603 2506 nemo
620 2457 729 2524 superbis

182 2529 280 2578 Obvius
296 2530 323 2589 it,
340 2530 439 2579 tandem
456 2529 538 2596 Scipio
555 2528 660 2595 spondet
675 2544 766 2597 opem3

97 2707 119 2740 27
133 2700 246 2739 praetexatus.
295 2706 312 2738 7,
323 2706 334 2738 4
345 2695 421 2730 obvuus.
