2068 3216
344 209 379 242 DE
395 206 603 243 Mnuonasrtraus
619 195 650 243 ΙΙ.
669 211 682 242 2

210 337 286 386 Tullii
301 334 434 404 discipulus
452 338 494 405 qui
509 336 596 397 fuerat,
611 336 729 404 loquitur.

161 411 230 460 Paene
246 408 371 458 Tarentini
386 408 479 475 legatos
496 408 646 469 dilaniarant,

209 480 320 547 Tingunt
335 480 406 529 urina
421 482 471 529 iam
485 480 577 529 laceros
593 481 694 540 holida3

160 553 289 602 Adductos
306 567 389 601 coram
404 552 527 601 iusserunt
543 552 623 601 dicere
639 569 744 612 causam,
775 553 776 556 ’

209 625 313 673 Causam
329 623 442 672 dixerunt
458 623 501 672 sed
517 636 613 673 tacuere
628 624 756 691 probrum,

161 696 260 763 Quippe
270 707 357 745 cavent
366 695 459 761 nequid
469 696 580 744 minuant
590 707 632 744 aut
642 696 746 764 amplius
757 696 863 747 addant:

209 806 214 816 .
236 806 241 817 .
262 805 267 816 .
287 767 306 816 it
322 767 445 816 excidium
460 767 519 815 fecit
534 767 560 816 id
576 767 747 834 obprobrium.

160 839 273 902 Quatuor
289 839 315 887 in
329 850 410 905 partes
426 839 508 888 turbas
525 839 664 888 dirimendo
680 838 798 900 forenses,

209 912 306 978 Separat
322 910 425 960 urbanas
443 927 501 978 quas
518 922 591 959 vocat
606 911 658 977 ipse
667 911 754 971 tribus,

160 982 257 1032 Sedaret
273 983 342 1048 iuges
358 994 386 1031 ut
402 983 496 1031 Romae
512 982 644 1031 seditiones
661 1012 695 1019 -

207 1055 273 1103 Hinc
289 1053 376 1102 Fabius
393 1053 442 1102 dici
458 1053 580 1102 Maximus
590 1055 708 1114 emeruit,
726 1055 759 1091 —'

160 1126 226 1188 Quas
243 1137 267 1174 et
283 1126 411 1174 constituit
426 1141 471 1192 per
487 1125 571 1174 mutua
586 1125 686 1175 foedera
701 1127 780 1192 iungi,

207 1199 285 1265 Inque
301 1197 382 1246 vicem
397 1209 491 1246 castum
506 1197 608 1263 iungere
624 1197 776 1258 conubium;

158 1269 286 1318 Desistunt
302 1269 368 1318 cives
384 1269 454 1318 irasci
469 1269 519 1317 iam
535 1270 603 1335 quasi
618 1268 712 1329 fratres,

206 1343 260 1391 Nec
275 1342 325 1389 iam
341 1340 428 1389 seditio
445 1341 552 1389 nascitur
567 1341 593 1389 in
608 1341 712 1408 populo.

158 1413 245 1462 Artem
259 1412 354 1463 vitandi
370 1412 438 1462 dedit
453 1412 515 1461 ictus
532 1424 556 1461 et
571 1412 675 1461 feriendi

205 1485 297 1534 Astuto
313 1485 406 1550 primus
424 1495 527 1533 scemate
543 1484 666 1544 Rutilius3

157 1557 244 1605 Artem
258 1557 345 1605 virtuti
360 1556 478 1605 virtutem
493 1556 591 1604 miscuit
606 1557 660 1616 arri,
677 1560 679 1563 ’

207 1629 315 1694 Simplex
329 1644 388 1676 usus
404 1627 484 1676 adhuc
500 1639 599 1694 arteque
615 1628 696 1676 nudus
713 1639 770 1677 erat.

158 1699 264 1749 Consule
281 1700 387 1766 Sulpitio
402 1699 531 1748 laudarunt
547 1699 653 1748 carmine
668 1699 750 1765 primo

205 1771 352 1820 Romulidae
368 1770 448 1830 divos,
465 1771 545 1819 Marte
560 1782 669 1831 vacante,
687 1787 753 1830 suos,
782 1774 784 1777 '

156 1843 280 1892 Laudibus
296 1844 323 1891 in
339 1858 447 1910 quorum
463 1842 536 1891 simul
551 1842 667 1891 inuenere
682 1841 788 1891 deorum
861 1846 862 1849 ’

206 1915 322 1980 Corporis
339 1915 385 1962 hos
402 1925 484 1962 motus
501 1930 598 1962 cernere
615 1930 678 1979 quos
694 1913 819 1963 volumus.

155 1987 240 2035 Livius
256 1987 283 2034 in
299 2002 383 2035 scaena
398 1985 509 2034 recitavit
525 1986 631 2034 carmina
646 1986 749 2052 primus,

204 2057 317 2107 Mordaci
332 2057 422 2106 rodens
438 2056 559 2106 urbicolas
577 2057 664 2116 satira;

157 2130 255 2196 Saepius
272 2129 397 2197 quopulo
413 2140 541 2177 revocatus
558 2129 664 2177 carmine
684 2144 743 2177 roso

203 2198 367 2267 Cepta'silens
383 2201 454 2265 pueri
470 2200 579 2265 gestibus
595 2200 719 2265 explicuit,

155 2272 326 2322 Concordante
342 2272 409 2320 sonis
425 2272 525 2320 tibicine
542 2272 576 2320 sic
592 2289 620 2320 ea
636 2272 711 2337 gessit

203 2345 237 2393 Ut
253 2344 381 2392 miraretur
396 2344 514 2392 attonitus
530 2343 646 2410 populus.

155 2417 218 2465 Cum
232 2415 349 2464 libertino
365 2425 433 2480 patre
448 2426 518 2463 natus
535 2415 633 2463 Flavius
650 2425 720 2474 esset,

202 2487 348 2552 Indignante
364 2485 411 2534 sibi
426 2486 555 2535 nobilitate
571 2486 650 2546 Remi,

154 2559 248 2608 Prodiit
263 2558 348 2608 aedilis
364 2558 473 2624 collegae
488 2557 657 2617 Febricitantis,

116 2677 136 2722 63
149 2677 270 2721 ....(tarentini)
283 2675 313 2721 legi
323 2687 353 2710 non
361 2682 420 2720 potest.
475 2675 497 2710 66
509 2687 578 2710 causam
590 2678 620 2710 vix
631 2675 661 2720 legi
669 2682 728 2720 potest.
770 2676 791 2711 68
839 2676 868 2720 (t)

79 2724 110 2769 legi
120 2736 149 2759 non
158 2731 217 2769 potest.
