2068 3216
345 238 451 273 HYMNUS
468 239 497 272 IN
514 238 620 272 HONORE
636 238 658 272 B.
675 237 759 272 MAURI

201 366 261 416 Inde
276 367 425 426 translatum,
441 365 544 416 faciente
560 366 667 427 Christo,

201 438 307 488 Martiris
323 454 412 505 corpus
427 439 489 488 iacet
504 455 535 487 en
550 438 576 487 in
591 455 652 505 agro

202 510 317 559 Gloriose
333 510 444 559 Floriaco
459 508 550 559 feretro

248 583 278 630 In
294 582 412 649 spetioso.

200 724 307 773 Publicis
323 724 399 790 signis
415 722 557 773 manifestus
572 724 627 773 istic

202 796 282 846 Claret
298 806 409 863 acceptus
424 796 521 863 populo
536 795 666 862 frequenti,

198 868 323 917 ‘Omnium
338 866 475 916 firmissima
491 881 545 934 spes
561 868 674 917 virorum

251 940 280 989 Se
296 938 455 1006 rogitantum.

201 1083 282 1147 Degat
298 1081 338 1131 hic
352 1096 397 1149 per
413 1082 508 1131 saecula
524 1082 688 1149 supplicamus

202 1154 290 1203 Donec
306 1164 417 1203 occurrat
432 1153 480 1202 sibi
495 1154 545 1202 iam
560 1170 646 1203 sereno

202 1225 280 1274 ludici
297 1225 395 1275 Christo
411 1236 483 1291 roget
498 1237 522 1274 et
537 1237 639 1292 rogante

251 1298 298 1346 Pro
315 1313 389 1363 grege
405 1308 499 1346 nostro

202 1440 296 1500 Maure,
312 1440 417 1489 deuotus
432 1439 480 1489 tibi
494 1441 654 1506 proniorque,

203 1512 301 1578 Expetir
317 1527 376 1578 grex
390 1511 550 1561 Floriacensis
566 1512 647 1561 omnis

203 1584 237 1632 Ur
252 1594 297 1632 tuo
313 1583 433 1632 solamine
449 1583 579 1633 roboretur

252 1655 352 1721 Semper
367 1654 467 1721 ubique.

202 1798 287 1847 Donat
302 1798 362 1847 istos
379 1798 616 1858 endecasillabarum,

203 1868 296 1929 Maure,
313 1869 417 1937 supplex
431 1870 565 1919 versiculos
582 1868 713 1930 Rodulfu5‚

204 1940 264 1989 Orat
280 1941 337 1990 atris
353 1940 454 2007 ignibus
469 1940 606 1990 inferorum

251 2012 290 2062 Ne
306 2014 435 2063 crucietur.

204 2155 318 2205 Gloriam
332 2157 396 2222 parri
412 2167 481 2205 canat
497 2157 556 2205 haec
571 2167 673 2215 caterva,

203 2227 317 2276 Gloriam
333 2227 431 2277 Christo
447 2226 534 2277 referat
549 2227 667 2293 benigno,

203 2298 318 2347 Gloriam
333 2299 374 2348 det
391 2299 486 2366 spiritui
502 2314 617 2366 supremo

252 2370 326 2419 Nunc
342 2382 366 2419 et
382 2371 409 2419 in
424 2387 520 2430 aevum;
529 2370 618 2420 Amen.

167 2712 199 2744 294
207 2700 287 2746 martyris
295 2702 315 2736 P.
363 2702 395 2746 296
404 2703 484 2746 specioso
493 2703 511 2737 P.
562 2714 592 2747 303
605 2702 784 2747 (fogliantepaan.

132 2759 154 2792 ge
165 2750 313 2784 nostroiams.R.
362 2751 455 2794 arahecP.
504 2750 631 2794 316evum12.
