2068 3216
176 163 226 208 442

369 232 504 268 MIRACULA
520 234 538 268 S.
554 233 695 268 annanrcrr

176 364 290 428 Praeceps
307 362 402 411 exalto
419 362 477 422 ruis,
494 362 591 428 Otgeri,
607 363 669 428 pede
684 362 761 430 lapso,

225 435 302 483 Causa
318 433 366 483 fuit
381 433 466 500 pluvia
481 434 544 483 celsa
560 433 639 484 trabes
655 434 770 495 madida;

178 506 313 556 Semineces
330 517 395 554 artus
411 505 467 554 tulit
482 522 497 554 a
512 505 598 555 tellure
613 506 736 574 popellus,

225 578 292 626 Hinc
308 590 405 643 tempus
422 592 506 644 sospes
521 588 579 644 post
595 577 669 627 breve
684 577 794 627 redditus
811 595 844 627 es.

176 649 259 699 Febris
276 660 345 698 acuta
361 648 398 697 tui
414 648 522 698 turbarat
537 665 612 715 regna
628 649 729 708 cerebri,

224 722 262 770 Ac
279 720 351 770 dabat
366 732 418 769 atra
433 720 478 769 tibi
494 721 546 770 iura
561 720 662 770 frenesis
678 720 721 780 ibi,

176 792 248 843 Unde
264 792 414 842 monasterio
430 792 532 852 delatus,
549 792 677 858 Stephane,
692 793 765 853 lecto,

226 866 280 913 Una
296 876 370 913 nocte
386 864 468 923 cubas,
485 880 556 914 mane
571 864 655 913 valens
671 880 770 914 remeas.

177 936 318 995 Curriculis,
335 936 445 995 Erbene,
461 936 523 985 iaces
539 936 566 984 in
580 934 675 985 fornice
690 935 774 985 multis

225 1008 365 1067 Annorum,
381 1008 481 1073 reliquis
498 1007 597 1057 artubus
613 1007 735 1067 invalidis,

176 1081 272 1145 Lingua
289 1079 332 1129 sed
348 1080 466 1146 exiguum
478 1078 549 1146 ,fandi
565 1091 702 1129 servaverat
717 1096 806 1130 usum:

227 1152 306 1200 Sentis
323 1168 374 1200 esse
391 1151 486 1201 bonum
501 1163 578 1218 tuque
592 1163 688 1218 patrem
703 1151 834 1201 medicum.

178 1223 288 1283 Gauteri,
305 1223 390 1290 spoliis
406 1223 519 1272 honerati
535 1223 616 1290 gliscis
633 1222 731 1289 opimis,

226 1296 332 1344 Hostem
348 1295 409 1344 dum
425 1296 541 1360 sequeris,
556 1294 658 1360 cuspide
673 1293 754 1343 fossus
771 1289 844 1352 obis;

178 1367 274 1432 Corpus
290 1379 416 1433 gestarunt
431 1378 499 1432 pater
515 1379 539 1416 et
555 1366 660 1432 genitrix
675 1366 856 1425 tumulandum,

226 1439 356 1487 Poscentes
372 1439 437 1487 solvi
453 1438 546 1488 crimen
560 1438 592 1487 ad
608 1454 663 1487 ossa
678 1436 761 1503 patris.

177 1510 332 1560 Praedonum
347 1511 420 1559 cunei
434 1509 585 1577 populantur
600 1525 641 1558 rus
658 1508 792 1568 Benedicti,

226 1582 286 1631 Eius
303 1599 365 1647 quos
382 1582 498 1631 meritum
512 1581 654 1649 praecipitat
669 1581 768 1646 Ligeri3

178 1652 275 1721 Spicula
290 1670 349 1702 cum
363 1653 454 1713 nervis,
470 1652 574 1718 gladios,
590 1653 677 1712 hastas,
693 1652 751 1701 tulit
765 1651 861 1702 amnis:

226 1727 318 1774 Hostes
333 1724 397 1774 ferre
411 1725 487 1790 patris
503 1725 583 1791 panda
598 1724 678 1773 carina
694 1724 784 1773 tremit.

176 1797 266 1857 Valdo,
282 1797 340 1845 lates
366 1796 434 1845 silvis
450 1797 545 1861 aliquot
561 1796 624 1845 soles
636 1796 667 1856 in
682 1796 774 1861 opacis,

227 1870 304 1918 Omni
321 1867 414 1917 sublata
429 1880 529 1935 pectore
544 1867 652 1927 noticia3

177 1940 287 2007 Virginis
304 1952 359 1989 ante
376 1957 467 1989 sacram
483 1956 592 1990 summae
605 1938 747 2005 perduceris
762 1953 837 1997 aram,
890 1948 904 1985 f.
916 1951 965 2002 ¹⁷⁸?

227 2013 297 2075 Quae
310 2024 334 2061 te
350 2011 475 2071 salvificat,
492 2028 549 2061 nam
563 2022 633 2078 pater
648 2011 710 2059 hanc
726 2010 824 2076 rogitat.

177 2083 281 2143 Mestus,
297 2084 418 2143 Anastasi‚
434 2083 540 2148 trepidas
556 2082 631 2131 oculo
647 2082 763 2150 spoliari:

227 2156 342 2206 Caeditur
357 2172 418 2221 ergo
432 2155 508 2222 patris
525 2153 624 2221 quando
640 2154 700 2220 lapis
716 2152 800 2212 loculi,
848 2189 851 2193 .
900 2195 902 2197 ,

177 2228 313 2294 instigante
327 2227 377 2276 fide
392 2238 465 2294 caput
480 2227 546 2275 intro
562 2226 661 2292 mergis,
677 2225 769 2290 aisque,

228 2299 345 2359 «Redde,
358 2311 434 2365 pater,
446 2299 557 2358 lesum»,
571 2313 654 2364 sospes
667 2297 769 2362 ahisque
781 2295 890 2344 oculum.

177 2443 294 2493 Tetraclis
310 2443 369 2491 haec
385 2459 488 2491 numero
505 2441 605 2491 distinxi
620 2440 776 2506 Phitagoreo,

227 2515 340 2564 Carmina
356 2531 418 2579 quae
434 2530 507 2563 rauco
523 2513 640 2563 concinui
655 2513 765 2572 calamo;

179 2589 246 2636 Haec
261 2587 410 2652 quicumque
425 2585 500 2652 leges,
514 2585 622 2635 lacerum
637 2585 657 2634 si
672 2599 769 2633 carmen
784 2583 891 2642 aborres,

226 2659 273 2708 Vel
289 2658 335 2707 tibi
351 2670 478 2723 gestorum
494 2658 593 2707 suffitiat
609 2657 689 2706 series.

141 2756 174 2797 982
186 2753 259 2798 pandus.
308 2756 382 2797 983-994
392 2753 415 2788 al.
426 2764 468 2787 man.
