2068 3216
457 221 576 256 EPISTULA
591 207 616 255 V

233 350 365 418 Dapsiiitas
382 351 500 416 quoniam
514 350 591 399 nutrit
603 349 749 416 amiciciam.

186 422 209 473 Si
225 434 282 471 tuus
298 422 499 476 extiterit'nervis
515 421 555 471 hic
571 437 651 470 sermo
668 420 765 482 carebit,

233 493 311 544 Nullo
327 494 368 543 vei
383 494 487 551 minimo
503 493 626 559 praeditus
643 492 734 558 elogio

185 568 246 615 Esto
262 565 308 615 tibi
323 565 397 614 nuliis
414 565 568 614 cumulantur
584 564 670 614 scrinia
686 564 760 629 gazis,

233 636 268 685 At
283 636 341 686 dare
356 637 422 685 malo
438 636 484 686 tibi
500 653 574 702 quam
589 648 630 685 tua
647 636 785 701 suscipere;

186 710 299 758 Semotos
315 726 329 757 a
345 726 370 758 se
386 708 497 757 diversus
514 708 607 774 separat
623 707 690 756 orbis

233 780 354 846 Pluraque
369 779 497 847 prolapsus
514 780 614 828 flumina
629 776 750 845 largiflui:

186 854 253 901 Haec
269 852 289 900 si
304 852 468 918 prosequeris
485 869 510 900 se
526 851 560 900 sic
575 862 699 917 protestor
715 850 806 910 haberi,

234 924 327 981 Necte
343 939 401 972 vera
415 923 486 989 loqui
501 922 622 988 pendulus
638 922 751 982 infici0r;

187 995 211 1044 Si
225 1000 308 1045 'tamen
324 995 438 1062 obsequii
453 993 528 1043 velles
544 991 685 1043 meminisse
698 995 794 1059 repensi

234 1068 295 1125 Non
308 1066 372 1120 ,mihi
388 1066 505 1115 debueras
522 1066 556 1131 sic
571 1065 665 1131 rigidus
680 1064 748 1114 fieri:

186 1135 233 1187 Vel
247 1138 331 1205 lingua
347 1138 417 1204 vulgi
433 1138 538 1187 misisses
555 1137 629 1193 verba
645 1135 736 1196 salutis,

134 1277 136 1279 V
235 1209 260 1258 Si
274 1210 356 1276 piguit
371 1210 455 1277 paucis
472 1209 575 1258 scribere
590 1209 711 1258 litterulis.

186 1283 253 1330 Haec
268 1281 311 1331 sed
325 1281 390 1331 forte
405 1282 473 1331 deest
488 1281 531 1346 qui
546 1281 634 1346 scripta
649 1280 793 1329 brevissima
806 1292 897 1346 portet,

235 1355 345 1419 «Longa
360 1353 407 1402 tibi
423 1353 501 1412 detur,
518 1364 601 1401 noster
616 1353 713 1412 aiunne,
730 1353 826 1412 salus»,

186 1424 233 1474 Vel
250 1426 293 1490 qui
309 1425 435 1474 communi
451 1425 518 1473 rudis
534 1425 593 1473 haec
608 1424 751 1490 pronuntiet
767 1440 818 1484 ore,
910 1445 936 1477 451

235 1514 250 1544 «
260 1496 341 1546 Solvet
356 1508 381 1546 te
397 1497 456 1546 deus
472 1514 486 1545 a
501 1507 577 1561 parte,
593 1496 716 1561 magister,
733 1513 760 1544 ea
769 1515 791 1545 ›>.

186 1560 262 1618 Nulla
276 1571 332 1617 tuae
347 1580 414 1635 patet
429 1568 509 1634 ampla
524 1567 597 1633 fugae
612 1568 661 1626 via,
678 1568 762 1616 semita
778 1568 852 1627 nulla,

235 1640 331 1689 Evadas
347 1655 391 1705 per
407 1656 481 1706 quem
496 1639 578 1687 nullus
595 1638 662 1687 adest
678 1638 774 1699 aditus;

186 1711 301 1777 Denique
317 1712 441 1777 squamosi
457 1723 519 1777 quot
535 1710 674 1776 gurgitibus
691 1710 795 1760 sinuosis

235 1783 356 1848 Corniger
372 1783 509 1832 Heridanus
525 1782 598 1848 piscis
615 1782 687 1831 habet
702 1799 827 1843 numeros,
913 1803 934 1835 50

187 1853 300 1903 Meandri
316 1854 400 1903 bibula
416 1865 478 1920 quot
494 1871 550 1902 aves
567 1854 701 1920 spatiantur
716 1854 804 1903 harena

236 1925 371 1974 Taurinum
387 1926 454 1974 sidus
471 1926 508 1974 soi
524 1925 567 1974 ubi
583 1925 633 1974 adit
649 1925 754 1992 tepidus

187 1997 237 2045 Tot
252 1998 322 2056 mihi,
339 1998 359 2046 si
374 1998 458 2057 velles,
474 2008 570 2063 poteras
587 1996 681 2045 misisse
697 1997 793 2057 salutes,

234 2068 306 2117 Illinc
322 2069 414 2135 quippe
429 2069 497 2117 venit
513 2068 583 2117 turba
598 2068 712 2133 frequens
727 2070 823 2134 populi,

187 2139 305 2189 Galliciae
320 2140 399 2189 tendit
415 2156 480 2189 sacra
496 2157 557 2206 quae
573 2151 680 2205 sportata
695 2142 788 2205 precari
913 2161 937 2193 εει

235 2212 408 2277 Prosternique
423 2213 478 2278 pios
495 2212 525 2260 ad
541 2211 624 2260 Iacobi
639 2212 766 2271 tumulos;

187 2282 897 2349 Hucequeshucquepedesviretuxoretinnuba,caelebs,

235 2355 355 2415 Incestus,
370 2356 479 2413 iuvenes,
496 2355 544 2403 huc
559 2366 740 2421 properantque
756 2372 832 2404 senes,

188 2425 303 2474 Occultas
319 2426 372 2485 tibi,
389 2427 415 2474 ni
430 2426 510 2485 fallor,
527 2427 584 2491 quia
600 2441 670 2491 saepe
686 2442 799 2474 severum

236 2498 317 2546 Inflixi
332 2498 427 2558 verber,
443 2498 549 2563 indeque
564 2513 651 2546 rancor
666 2497 706 2546 hic
723 2509 766 2547 est.
913 2507 938 2541 60

187 2570 257 2617 Dum
272 2580 307 2636 tu,
324 2569 416 2618 desidia
433 2570 501 2634 quasi
516 2570 624 2634 laetargo
640 2569 721 2634 gravis
737 2570 793 2628 alta,

151 2699 171 2729 41
184 2687 294 2730 (mi).(sisses)
307 2699 339 2721 ras.
387 2699 409 2729 42
422 2688 446 2731 (pi
455 2687 514 2730 .(guit)
526 2698 558 2721 ras.
606 2686 660 2728 46ei.
708 2698 729 2729 47
743 2687 839 2731 (semi).(ta)
852 2699 885 2723 ras.

119 2747 139 2779 59
150 2734 229 2770 occultus
241 2734 271 2768 Cn.
320 2735 342 2768 60
353 2735 411 2768 inflexi
423 2735 453 2769 Cn.
