2068 3216
194 168 204 198 1
214 169 222 213 5
231 156 243 200 8

372 240 406 274 DE
422 239 629 274 amnonauuruus
645 226 688 274 VI.
708 230 719 273 8

189 369 242 416 Iam
258 368 418 417 Praenestinis
435 368 569 417 miseranda
586 380 651 417 sorte
668 369 780 429 subactis,

240 440 303 488 Cum
320 440 434 488 Telesino
451 457 475 489 se
492 440 613 507 subripuit
629 441 730 501 Marius,

189 512 279 561 illudat
296 512 377 560 Mario
392 529 423 560 ne
441 512 497 560 Silla
512 511 582 560 ferox
597 512 705 572 inimico,

239 584 370 632 Pertransit
386 599 469 632 servus
485 583 550 632 illius
567 601 623 632 ense
639 585 720 643 iecur;

191 656 225 704 Ut
240 656 329 721 prodat
346 655 476 703 dominum
490 655 613 722 promittit
629 672 728 704 munera
745 656 817 717 Silla,

239 727 345 776 Prodere
361 744 406 775 nec
421 744 518 775 caesum
534 728 576 792 qui
592 728 673 776 voluit
689 728 812 788 Marium

191 799 263 847 [levo
279 810 440 865 consumptus
456 798 534 847 fuerat
549 810 618 865 pater
633 798 694 847 urbe
710 800 826 867 sepultus,

240 871 323 919 Gessit
339 887 397 919 cum
412 870 469 919 Silla
484 871 577 937 proelia
593 871 636 936 qui
652 872 742 936 gravia.

190 942 323 1007 Disperdat
340 941 466 991 Grachum
480 960 511 991 ne
527 943 617 1008 vulgus
634 942 786 1003 seditiosum,

241 1014 317 1063 Servo
334 1014 464 1063 Philocrati
481 1031 506 1062 se
521 1014 589 1062 iubet
604 1015 742 1074 interimat;
901 1025 963 1068 teav

191 1085 273 1134 Perdit
289 1085 378 1134 eodem
394 1102 426 1145 se,
443 1085 573 1134 dominum
589 1103 640 1151 quo
655 1086 766 1153 perculit,
783 1103 847 1146 ense,

241 1158 345 1206 Servum
360 1158 419 1206 texit
434 1157 524 1206 humus
541 1174 589 1222 qua
605 1157 681 1206 caruit
697 1157 825 1207 dominus:

191 1230 300 1277 Fratrem
315 1229 364 1277 iam
379 1228 480 1277 cerebro
496 1229 622 1277 Grachum
637 1230 704 1278 clava
720 1230 829 1279 resoluto

240 1300 352 1367 Principe
367 1301 456 1351 Nasica
473 1301 545 1349 Curia
560 1300 705 1368 perdiderat.

191 1372 310 1421 Pindarus
327 1389 381 1421 ecce
397 1384 453 1420 tuus
469 1384 526 1438 post
542 1373 605 1421 bella
621 1372 763 1438 Philippica,
780 1373 854 1432 Cassi,

240 1444 353 1493 Libertus
368 1445 468 1511 perimit
483 1456 515 1502 te,
532 1444 601 1509 quod
617 1456 640 1492 et
655 1445 707 1508 ipse
722 1445 801 1509 petis3

191 1515 250 1564 Post
266 1528 372 1564 mortem
388 1515 483 1564 domini
500 1533 525 1564 se
539 1516 645 1583 percutit
660 1516 701 1564 ille
717 1516 825 1582 bipenni,

242 1588 319 1652 Seque
335 1588 392 1636 loco
409 1587 475 1655 quali
491 1588 601 1636 merserit
617 1587 682 1635 haud
697 1588 787 1655 potuit.

192 1659 294 1707 Plancus
309 1659 461 1726 proscriptus
477 1659 534 1707 latet
550 1660 576 1707 in
591 1659 692 1725 regione
709 1659 808 1718 Salerni,

240 1731 313 1779 Pauci
329 1747 457 1779 servorum
473 1742 529 1779 sunt
545 1731 647 1779 comites
663 1730 774 1790 latebrae,

193 1802 244 1865 Qui
259 1802 324 1851 foret
340 1821 353 1851 a
368 1802 467 1869 proavis
484 1819 541 1850 cum
556 1802 646 1850 multae
662 1802 804 1861 nobilitatis,

240 1874 296 1922 Plus
314 1890 388 1941 quam
404 1874 519 1922 debuerat
535 1873 662 1922 delitiosus
679 1885 745 1933 erat3

192 1946 304 1996 Pluribus
320 1946 434 2011 ungentis
451 1946 573 1994 delibutus
589 1946 710 2010 pretiosis,

239 2018 344 2067 Illorum
359 2018 471 2066 timidam
486 2017 569 2084 prodit
586 2017 663 2065 odore
678 2016 770 2082 fugam,

192 2091 224 2138 Et
239 2089 348 2155 primum
363 2089 469 2137 famulos
486 2088 570 2137 subtili
585 2105 642 2136 nare
658 2101 766 2155 repertos

240 2161 373 2219 Dilaniant‚
390 2161 458 2209 missi
473 2161 574 2227 perdere
591 2160 634 2225 qui
649 2159 752 2218 fuerant,

192 2234 245 2281 Nec
260 2232 345 2299 prodit
361 2233 498 2291 dominum,
515 2243 593 2280 tortus
609 2232 674 2289 licet,
690 2232 754 2279 ullus
772 2247 866 2293 eorum,

242 2305 374 2353 Strenuitas
390 2304 438 2352 illis
454 2315 520 2352 tanta
535 2302 644 2369 fidesque
659 2302 723 2362 fuit;

192 2377 252 2424 Non
267 2376 325 2424 tulit
340 2376 448 2424 inclusus
465 2391 593 2423 servorum
607 2374 708 2423 verbera
724 2374 834 2432 Plancus,

241 2449 273 2495 Et
289 2464 348 2495 mox
362 2446 504 2512 plectendus
520 2446 634 2513 prosiluit
649 2446 753 2495 latebris.

96 2538 117 2572 45
191 2519 307 2567 Proditur
323 2518 439 2577 Urbinus,
456 2534 531 2584 quem
545 2518 604 2566 villa
620 2518 720 2565 Reatina
735 2517 822 2577 coelat,

241 2590 348 2639 Perfidus
365 2590 430 2639 hunc
446 2590 533 2655 aliquis
549 2589 640 2638 indicat
656 2606 685 2637 ex
700 2588 815 2648 famulis3

156 2759 175 2790 18
188 2767 259 2790 servus:
271 2767 304 2789 vus
315 2762 394 2799 srprascr.
442 2766 464 2796 44
476 2754 592 2798 (prosilu).(it)
603 2765 635 2788 ras.
