2068 3216
387 234 470 269 mssro
487 236 508 268 u.
527 234 610 268 urum
626 220 650 268 Π

164 363 269 413 Sortitur
283 363 361 412 lotam
376 362 521 411 babtismate
537 363 580 429 qui
596 362 735 428 genituram
889 384 910 419 ις

163 434 313 484 Christicolis
329 433 406 483 fertur
422 435 479 498 quia
495 433 525 483 de
541 433 694 500 genitoribus
711 447 787 494 ortus,

164 507 214 569 Qui
231 506 329 556 coluere
345 506 436 564 locum,
454 506 580 571 quondam
597 506 701 555 Castella
716 518 840 566 vocatum,

163 578 230 627 Afris
243 578 288 627 iste
304 578 382 637 locus,
398 594 450 625 non
466 577 546 637 nobis,
563 589 638 626 notus
655 577 774 637 habetur;

164 649 240 718 Copia
255 649 388 699 multarum
402 648 450 697 fuit
464 649 512 698 illis
529 649 678 709 divitiarum,
956 701 960 704 ,

165 721 231 784 Quas
246 721 340 786 liquere
357 736 402 769 suo
418 721 484 770 vitae
498 734 556 787 post
572 734 683 788 tempora
699 733 765 770 nato.
890 744 912 776 30

165 793 285 861 Susceptis
302 792 400 860 opibus,
416 792 456 841 vir
471 792 548 843 multa
563 792 635 842 laude
650 793 773 842 canendus

163 865 291 915 Pertimuit
307 864 396 914 summi
412 864 443 913 de
459 863 535 914 divite
551 864 626 914 verba
641 864 767 931 magistri:

163 938 277 1002 Namque
289 935 401 985 foramen
413 952 470 985 acus
483 936 569 1002 nequit
582 948 610 985 ut
622 947 748 1003 penetrate
761 937 875 997 camelus,

163 1009 223 1058 Non
238 1008 331 1075 poterit
347 1023 423 1074 puros
440 1008 509 1057 dives
526 1008 690 1057 conscendere
706 1008 801 1068 caelos;

163 1079 312 1146 Pauperibus
329 1079 429 1128 demum
445 1095 562 1130 manmon
578 1079 692 1146 dispersit
708 1080 829 1146 iniquum,
890 1100 910 1135 55

164 1152 320 1200 Constituens
336 1150 402 1200 fidos
417 1150 472 1211 sibi,
488 1151 549 1201 dum
564 1151 801 1218 dispertitamicos,

141 1232 144 1239 ’
162 1225 247 1289 Ipsum
262 1222 389 1290 perpetuis
403 1223 446 1288 qui
462 1223 594 1291 suscipiant
610 1223 743 1273 habitaclis.

163 1294 226 1343 Mox
240 1294 284 1344 ubi
299 1294 356 1343 iecit
372 1293 461 1354 honuS,
477 1295 527 1345 iam
541 1295 604 1344 liber
619 1306 643 1343 et
659 1294 829 1355 exhonoratus,

163 1366 274 1415 Liberius
291 1365 389 1415 Christo
407 1382 431 1415 se
448 1366 531 1415 subdit
547 1381 650 1434 corpore
665 1381 756 1434 prono,

163 1438 268 1487 Arboris
284 1448 357 1504 atque
373 1437 452 1486 bonae
467 1437 562 1487 fructus
577 1437 705 1487 contendit
720 1437 827 1497 haberet,
888 1458 913 1490 40

163 1509 255 1558 Aridus
270 1520 299 1558 ut
313 1510 406 1577 palmes
422 1526 454 1558 ne
469 1510 603 1576 proiciatur
617 1510 643 1557 in
658 1510 737 1575 ignes,

163 1581 203 1630 Ne
217 1580 260 1630 fiat
276 1579 336 1630 ficus
353 1596 415 1647 quae
430 1581 509 1630 nullas
526 1581 630 1648 reproba
644 1579 705 1630 ficus

163 1652 292 1711 Praebuit3
308 1652 372 1702 alme
387 1653 433 1701 tibi
449 1669 531 1703 rerum
547 1666 612 1702 sator
628 1652 743 1702 esurienti

83 1721 85 1723 ¹
165 1724 267 1773 Sedulus
283 1724 404 1790 invigilat,
420 1725 582 1791 Dominoque
596 1724 692 1792 placere
707 1723 809 1783 laborat,

163 1795 322 1862 Assiduoque
337 1795 410 1845 bonis
425 1807 509 1846 totum
525 1813 550 1845 se
565 1796 687 1862 mancipat
702 1796 779 1855 actis;
889 1815 910 1849 45

165 1868 221 1916 Hoc
237 1868 263 1916 in
277 1867 409 1935 proposito
424 1868 560 1935 permansit
573 1879 684 1935 tempore
696 1867 786 1933 longo,

165 1940 235 1988 Esset
251 1939 312 1990 dum
326 1939 409 1998 laicus,
425 1940 527 2007 pociora
543 1939 638 1988 dehinc
647 1938 786 1989 meditatur.

163 2012 258 2060 Interea
273 2011 397 2060 Dominus
414 2011 536 2077 suggessit
552 2010 662 2060 sensibus
674 2010 738 2069 eius,

164 2081 302 2131 Monachus
317 2094 346 2131 ut
360 2081 410 2142 fiat,
425 2082 561 2151 praesentia
577 2094 663 2131 cuncta
679 2082 814 2147 relinquat;

164 2156 241 2203 Intrat
255 2154 412 2214 coenobium,
429 2154 519 2205 laicum
533 2166 656 2222 permutat
671 2154 797 2213 amictum,
891 2173 914 2207 50

166 2225 253 2275 Subdit
269 2242 346 2274 ovans
362 2226 415 2291 iugi
431 2237 539 2277 mentem
554 2240 693 2294 corpusque
708 2224 804 2284 labori;

165 2297 295 2346 Continuis
310 2297 424 2365 precibus
441 2297 554 2364 suffragia
569 2296 627 2346 diva
638 2308 761 2364 precatur,

165 2369 216 2417 Ora
231 2368 330 2417 madent
346 2369 459 2429 lacrimis,
475 2369 613 2418 tonduntur
627 2380 727 2434 pectora
743 2368 843 2434 pugnis,

163 2440 233 2500 Aret,
248 2440 347 2500 ieiunat,
363 2440 445 2506 friget,
461 2441 557 2507 vigilat,
574 2441 636 2500 silet,
653 2450 714 2499 orat,

128 2617 147 2649 25
164 2605 269 2649 baptismate
284 2605 302 2639 P.
352 2608 372 2639 28
387 2605 459 2639 habetin
474 2606 493 2640 P.
551 2617 571 2649 30
582 2605 625 2647 vire,
636 2612 682 2639 noro
693 2605 712 2639 P.
770 2615 790 2648 34
801 2603 848 2639 celos
859 2605 878 2638 P.

94 2665 113 2699 35
126 2653 243 2698 (disper).s(it)
253 2654 270 2687 r'rr
281 2664 316 2687 ras.
328 2653 349 2687 R.
435 2653 455 2697 36
466 2653 551 2697 disperdit
561 2654 580 2687 P.
670 2663 692 2695 4⁰
709 2652 763 2694 bone,
781 2651 845 2686 habere
859 2653 878 2685 P.

92 2712 114 2748 43
125 2701 195 2746 prebuit
205 2701 224 2735 P.
284 2712 305 2743 47
317 2700 391 2736 dehinc:
402 2712 415 2734 n
424 2708 504 2745 suprascr.
516 2702 537 2735 R.
593 2712 615 2744 49
626 2700 734 2734 monachus:
746 2700 758 2733 h
769 2706 849 2744 suprascr.
857 2701 879 2734 R.

92 2750 179 2795 presentia
190 2750 209 2784 P.
259 2760 279 2792 50
286 2748 380 2783 cenobium
386 2749 405 2783 P.
455 2760 462 2792 5
466 2760 474 2792 3
483 2748 596 2792 (marrdent)
609 2759 642 2782 ras.
649 2749 670 2782 R.
