2068 3216
879 187 892 217 2

389 257 424 291 uu
439 256 647 290 utuuouammuus
662 242 708 290 IX.
728 258 755 289 12
897 186 928 234 39

217 386 330 436 Cimbros
346 402 404 434 cum
419 384 499 434 Mario
517 384 616 434 Catulus
632 384 727 450 collega
744 384 848 449 subegit,

266 458 349 521 Quem
364 456 457 506 Marius
474 457 589 522 dampnat
605 456 674 524 quod
690 456 737 505 sibi
752 472 805 504 non
820 454 917 515 faveat;

216 530 300 579 Inlinit
315 530 356 578 ille
373 544 445 577 suum
460 544 519 577 mox
534 539 603 577 cocta
618 528 683 577 calce
699 527 831 586 cubiclum,

264 601 320 667 Igni
337 616 480 650 succensum
495 599 601 649 reddidit
616 600 665 648 hoc
680 599 795 659 calidum,

217 674 273 722 Hoc
289 690 314 721 se
330 671 458 731 conclusit,
475 671 548 720 Marii
564 672 598 720 sic
613 682 672 720 vota
687 671 790 738 peregit,

265 744 317 793 Hac
333 760 385 792 non
400 743 497 809 vulgari
512 754 592 791 morte
606 743 670 810 perit
686 743 794 792 Catulus.

216 815 351 883 Amplexus
367 816 430 864 inter
446 825 502 863 sunt
518 815 641 881 absumpti
656 815 770 880 pueriles,

264 888 365 936 Praetor
379 897 437 946 erat,
454 886 540 935 Gallus
556 903 584 935 ac
600 886 718 935 Ethereus
735 902 818 952 eques.

216 959 255 1007 De
270 958 436 1025 fugitivorum
451 969 540 1006 conatu
557 958 634 1007 Coma
649 958 773 1007 latronum

264 1031 378 1097 Princeps
395 1030 525 1098 quaesitus,
541 1029 598 1078 inde
613 1029 689 1078 nichil
704 1030 831 1096 loquitur;

212 1101 352 1169 Poplitibus
369 1101 436 1150 flexis
453 1118 477 1150 se
493 1101 588 1167 colligit
604 1112 628 1150 et
643 1113 715 1168 caput
730 1101 806 1159 abdit,

264 1173 342 1223 Auras
359 1173 440 1222 evadit
457 1173 554 1240 spiritus
570 1173 596 1220 in
611 1185 703 1222 tenues.

189 1251 192 1268 ²
216 1245 328 1293 Eschilus
344 1245 370 1292 in
387 1245 466 1293 Sicula
482 1244 572 1310 degens
589 1246 689 1310 regione
705 1255 786 1310 poeta,

264 1318 298 1365 Ut
314 1316 470 1365 meditaretur
486 1315 614 1365 moenibus
631 1316 762 1381 egreditur,

216 1389 247 1435 Et
264 1387 404 1437 dumtforte
419 1387 476 1436 loco
492 1388 559 1436 solus
576 1388 690 1437 resideret
706 1388 797 1452 aprico,

263 1459 378 1525 Armiger
394 1476 448 1508 ecce
464 1459 531 1508 Iovis
547 1460 608 1508 aeris
624 1461 671 1508 alta
688 1470 758 1519 secat,

215 1530 346 1597 Unguibus
362 1530 388 1578 in
403 1531 473 1580 cuius
488 1531 587 1581 testudo
604 1531 746 1596 gravissima
761 1530 854 1581 fertur:

264 1602 323 1651 Eius
340 1602 401 1651 dum
415 1603 482 1651 vesci
497 1618 568 1652 carne
583 1604 651 1669 cupit
666 1604 783 1662 volucris,

181 1717 182 1720 ,
215 1674 320 1723 Verticis
336 1691 366 1723 ex
381 1674 442 1722 nudi
457 1674 540 1723 delusa
555 1674 644 1735 nitore,
660 1675 753 1723 remisit

262 1746 362 1795 illidens
378 1745 498 1795 concham
513 1762 650 1795 marmoreo
666 1747 747 1814 capiti,

215 1818 320 1883 Hocque
335 1818 457 1882 tragediae
473 1834 529 1866 casu
545 1817 621 1866 finiris
637 1819 761 1878 honestae,

263 1890 367 1948 Eschile‚
384 1888 524 1948 facundum,
542 1901 645 1949 strenue,
661 1890 817 1957 principium.

213 1961 309 2009 Diceris
325 1960 429 2026 indigno
445 1972 613 2028 consumptus,
630 1962 747 2020 Homere,
764 1961 859 2022 dolore,

262 2033 332 2081 Dum
346 2033 431 2098 nequit
447 2032 543 2081 absolvi
559 2033 655 2099 questio
670 2034 805 2100 proposita,

215 2104 297 2166 Quam
311 2104 442 2171 piscatores
459 2104 504 2152 tibi
519 2118 670 2170 proposuere
685 2120 808 2170 procaces,

263 2176 331 2223 Unus
348 2174 425 2224 homo
441 2186 566 2240 tamquam
581 2176 675 2225 solvere
691 2188 777 2225 cuncta
793 2178 880 2242 queat!
936 2200 959 2231 40

70 2256 83 2291 f.
96 2268 127 2292 101
214 2246 342 2313 Euripides
359 2258 395 2295 est
410 2264 424 2295 a
439 2246 538 2295 canibus
555 2260 630 2296 noctu
645 2247 754 2307 laniatus,

261 2317 286 2367 A
301 2334 376 2366 coena
392 2319 455 2383 regis
472 2319 532 2367 dum
547 2319 610 2367 redit
624 2319 745 2368 Archelai.

213 2390 282 2438 Dum
297 2389 418 2438 luctamen
433 2389 505 2439 habet
521 2389 654 2439 verborum
669 2390 759 2455 grande
782 2391 922 2457 Sophocles,

262 2462 359 2509 Eventu
374 2472 444 2509 nutat
460 2462 579 2510 sollicitus
596 2462 680 2521 dubio,

214 2533 333 2598 Exoptata
348 2533 421 2581 nimis
438 2534 547 2599 sequitur
562 2533 665 2582 victoria
681 2533 786 2594 tandem,
935 2558 957 2590 45

262 2604 403 2653 Commutat
418 2604 492 2653 letam
506 2605 619 2671 protinus
636 2605 680 2653 hac
695 2605 810 2654 animam.

142 2721 390 2813 (di)32(vesci)..(came)ras.
440 2734 460 2766 34
471 2734 570 2758 marmoreo
581 2724 633 2767 capiti
645 2726 661 2757 in
673 2736 705 2759 ras.
718 2723 740 2758 al.
753 2736 794 2759 anua.
850 2736 871 2767 42
884 2725 921 2769 (tc).

167 2776 174 2803 t
191 2780 223 2804 ras.
