2068 3216
221 137 269 197 146

339 226 374 259 DE
389 224 596 261 Mnuoxnmtnsus
613 210 656 258 Vl.
675 226 688 257 z
705 238 715 245 -
730 209 774 258 Vl.
793 227 804 272 3

267 353 342 402 Cuius
358 353 458 402 avaritia
474 370 516 402 seu
531 352 626 402 feritate
641 352 734 418 gemit;

218 425 278 472 Eius
293 439 340 491 pro
356 425 407 473 vita
423 425 510 473 mulier
525 424 600 473 solvit
615 424 655 490 pia
670 436 737 484 vota,

268 496 368 562 Semper
382 496 409 544 in
424 511 510 544 aurora
526 495 628 544 numina
645 506 725 544 sancta
741 507 830 555 vocat3

219 568 283 616 Cum
298 584 349 615 non
366 568 397 616 sit
413 568 521 626 meritus,
537 565 687 634 fieri'stupet
702 566 743 616 illa
759 568 876 627 tirannus,

266 639 425 697 Ammiratur,
442 656 500 687 anus
518 654 561 686 cur
577 638 608 687 sit
624 638 700 687 amica
716 638 770 698 sibi,

218 710 335 769 Accessit,
352 726 396 759 cur
411 711 443 759 sit
458 725 505 775 pro
521 727 546 758 se
562 709 671 759 studiosa
687 710 796 775 requirit,

268 781 359 830 «Audi
374 782 563 848 propositum»,
579 781 683 849 protulit
698 781 747 841 illa,
764 799 779 829 «
788 798 885 831 meum:

220 854 306 902 Essem
322 853 382 902 dum
397 853 482 920 primis
499 852 619 902 infantula
634 853 691 902 vilis
707 853 733 901 in
748 854 826 913 annis,

269 926 344 974 Sexus
362 925 387 972 in
403 925 448 973 hac
462 924 653 992 princepsurbe
667 924 777 973 tirannus
794 937 860 984 erat;

220 996 328 1045 Obtabat
344 996 407 1045 diras
423 996 491 1062 plebs
507 996 579 1045 illum
594 996 690 1045 solvere
705 1012 787 1063 penas,

269 1068 355 1117 Sevior
371 1067 480 1134 emergit,
497 1084 568 1116 sevos
585 1079 612 1116 ut
628 1067 669 1116 ille
683 1068 764 1134 perit;

220 1140 273 1188 Nec
282 1139 363 1188 minus
372 1139 430 1188 huic
439 1151 545 1188 mortem
552 1140 615 1205 petit
626 1139 683 1187 urbs
693 1139 851 1189 tremebunda
860 1139 976 1197 ferocem,

269 1211 320 1273 Qui
334 1211 406 1277 perit,
422 1211 518 1276 exurgis
535 1210 612 1260 dirior
627 1210 749 1259 omnibus
758 1211 813 1270 his;

221 1283 290 1348 Ergo
305 1282 366 1331 dum
381 1298 468 1331 vereor
483 1299 513 1331 ne
530 1282 642 1331 succedat
657 1282 703 1331 tibi
718 1282 796 1348 peior,

269 1354 335 1402 Hinc
349 1369 397 1420 pro
412 1369 471 1419 pace
486 1365 527 1402 tua
544 1353 657 1402 devoveo
674 1365 746 1420 caput
762 1353 850 1413 hoc»;

221 1425 326 1473 Erubuit
342 1425 560 1474 vetulam‘Siculus
575 1425 663 1492 punire
678 1424 788 1484 facetam,

269 1498 329 1546 Non
345 1497 427 1545 timuit
444 1513 504 1561 quae
520 1508 571 1545 tam
585 1496 661 1545 libera
676 1496 750 1545 verba
765 1497 843 1562 loqui.

221 1568 366 1617 Theodorus
382 1569 434 1635 regi
450 1569 588 1617 Lisimacho
605 1568 639 1616 sic
655 1568 777 1616 minitanti

269 1639 378 1689 Mortem
393 1640 527 1706 respondit,
543 1639 644 1688 «factus
661 1657 685 1688 es
702 1639 823 1705 egregius,

221 1710 372 1760 Cantharidis
389 1712 431 1777 qui
446 1711 518 1760 lictor
534 1723 584 1760 erat
599 1711 652 1759 vim
667 1711 825 1777 promeruisti
834 1729 866 1770 »3

269 1784 321 1832 Rex
336 1794 418 1831 motus
435 1783 505 1832 dictis
522 1783 548 1831 in
563 1798 635 1831 cruce
650 1781 703 1831 fixit
719 1798 783 1842 eum,

221 1854 288 1904 «Nil
304 1854 378 1903 refert
394 1871 425 1903 an
441 1854 541 1914 humi»,
559 1854 629 1913 dixit,
647 1871 662 1901 «
670 1853 769 1903 caelove
784 1864 931 1919 putrescam,

269 1925 393 1974 Terribilis
410 1926 471 1974 natis
487 1942 547 1974 crux
562 1926 601 1984 sit,
617 1926 708 1992 inique,
724 1925 806 1973 tuis».

448 2114 491 2157 DE
510 2113 703 2158 SEVERITATE

566 2265 576 2309 5

221 2356 336 2415 Manlius,
352 2353 520 2404 attritisfacili
535 2354 665 2402 certamine
682 2354 768 2412 Gallis,

268 2427 293 2475 A
309 2444 334 2475 se
350 2425 474 2475 defensam
488 2425 630 2493 praecipitat
645 2426 764 2492 patriam3

221 2499 300 2547 Huius
317 2498 441 2565 dampnati
455 2498 544 2562 legitur
558 2496 677 2564 praefatio
692 2496 753 2556 talis,

270 2570 431 2619 «Devincens
450 2569 556 2617 Senonas
573 2567 680 2616 Manlius
697 2568 816 2627 exstiteras,

220 2642 306 2690 Factus
322 2658 347 2690 es
364 2658 393 2689 ex
407 2641 456 2689 illis
472 2656 579 2706 quorum
595 2651 677 2687 motus
693 2639 794 2687 imitaris
804 2657 836 2698 »;

270 2712 328 2774 Quo
345 2713 534 2777 condempnato,
550 2711 699 2759 constituere
714 2721 794 2776 patres
