2068 3216
344 207 450 249 HYMNUS
466 208 496 241 IN
513 206 619 240 HONORE
635 207 657 240 B.
675 206 759 239 MAURI

196 336 249 385 iilic
265 336 375 386 obtatam
391 336 470 401 capies
488 351 607 384 coronam

246 408 369 474 Sanguine
384 407 442 456 fuso
451 425 482 455 »¹¹

195 551 281 611 Audit,
298 551 397 610 exultat,
414 551 478 599 celer
494 550 542 598 exit
558 561 646 599 antro:

195 623 272 671 Intrat
288 634 316 671 ut
332 624 446 682 Romam,
463 622 532 671 venit
548 622 676 687 inpiorum

196 694 293 743 Obvius
310 706 421 753 turmae3
438 693 501 758 rapit
517 693 584 753 haec,
601 694 699 742 tiranno

244 765 328 814 Tradit
344 776 467 823 ovantem.

195 910 290 958 Praeses
306 907 411 957 adstanti
427 907 495 956 dedit
511 907 569 956 haec
584 907 688 973 profata,

195 980 312 1040 «Dicito,
329 980 421 1045 pernix,
439 979 527 1045 quibus
544 979 593 1027 huc
608 979 638 1028 ab
655 981 704 1028 oris

195 1052 305 1100 Advenis
321 1052 333 1099 ?
350 1051 450 1117 quare?
467 1050 527 1116 quid
543 1051 616 1099 habes
633 1051 731 1117 negocii
748 1052 759 1099 ?

244 1122 320 1186 Quod
336 1123 382 1171 tibi
397 1139 489 1171 numen
505 1122 540 1170 Ρ»

194 1266 228 1314 At
244 1266 317 1314 refert
333 1267 443 1325 Maurus,
461 1265 546 1314 «duce
561 1265 626 1314 vado
644 1266 742 1315 Christo

195 1338 254 1400 Quo
270 1349 350 1397 vocat,
367 1353 480 1402 manceps
497 1354 545 1402 ego
561 1349 649 1386 consto
666 1338 743 1397 cuius,

195 1409 277 1471 Quem
292 1410 376 1457 Deum
391 1408 464 1457 credo
481 1410 538 1474 quia
553 1409 635 1457 nulius
651 1409 711 1458 aiter

243 1482 287 1529 Est
302 1482 371 1529 Deus
388 1497 498 1546 usquam.

193 1623 254 1672 Afer
270 1641 283 1671 a
299 1624 374 1689 ionga
390 1624 450 1672 serie
465 1635 594 1689 parentum

194 1694 332 1743 Christiano
349 1695 441 1743 semine
456 1706 604 1761 procreatus,

193 1767 240 1815 Pro
256 1767 297 1833 pia
314 1783 369 1815 sum
384 1767 438 1832 lege
454 1767 519 1815 mori
535 1779 639 1832 paratus,

241 1838 344 1904 Ignibus
360 1838 430 1887 uri».

193 1981 258 2029 Feile
274 1993 412 2031 commotus
430 1981 554 2030 Celerinus
570 1982 631 2040 infit,

193 2053 269 2101 «Fiet
285 2065 312 2101 ut
328 2053 421 2119 promis
437 2053 485 2102 nisi
500 2053 571 2101 thura
588 2052 662 2102 Marti

193 2124 287 2173 Offeras
303 2136 408 2191 promte,
424 2125 471 2172 nisi
487 2125 620 2173 victimaris

240 2196 296 2244 Diis
312 2196 460 2245 holocausta.

193 2339 252 2388 Non
268 2339 390 2404 peregrini
405 2338 451 2387 tibi
466 2355 535 2387 more
550 2355 654 2404 parcam,

192 2410 253 2459 Non
268 2427 354 2458 manus
369 2422 464 2459 nostras
480 2410 560 2476 fugies
577 2422 706 2477 superstes,

194 2481 240 2530 Sed
256 2482 334 2547 magis
350 2482 399 2531 iam
414 2498 480 2530 nunc
495 2498 599 2549 propera
614 2497 712 2548 precare

240 2554 349 2602 Numina
366 2554 484 2619 suppiex;

154 2681 176 2714 94
187 2670 281 2715 impiorum
292 2672 311 2705 P.
360 2682 379 2715 95
393 2679 456 2712 turme‚
468 2671 506 2713 hec,
518 2679 592 2715 tyranno
603 2672 621 2705 P.
670 2683 691 2715 97
704 2682 768 2717 preses,
780 2672 858 2714 asstanti,
872 2673 903 2707 hec

119 2718 137 2752 P.
186 2722 207 2762 98
223 2718 452 2763 (h).(c)ras.,us1prascr.
467 2720 488 2753 R.
538 2730 567 2753 111
583 2727 665 2763 prompte
680 2720 713 2764 P„
