2068 3216
227 144 240 176 2
263 129 277 177 6

244 145 258 193 9
491 216 611 251 usurum
636 203 672 251 VI

225 343 330 395 Nescius
346 362 360 393 a
376 345 468 410 superis
486 345 577 411 Stigios
594 345 718 395 secludere
734 345 806 404 divis,

274 415 349 466 Haud
365 416 432 483 Stiga
449 417 540 466 secrevi
556 417 623 466 Ditis
639 416 670 466 ab
686 418 768 466 aethre
783 417 851 466 Iovis
868 417 879 466 ?

226 489 279 538 Nec
295 503 360 536 sacra
376 487 477 537 distinxi
493 489 577 538 statuit
593 505 761 555 quaecumque
776 499 884 538 vetustas

274 559 360 608 Manes
377 576 391 609 a
406 559 479 608 larvis
496 558 582 609 abfore
596 576 673 626 pauca
689 572 754 609 ratus
771 560 783 609 ?

225 632 317 680 Forsan
333 630 426 680 metiris
443 647 505 697 quae
520 643 639 697 tempora,
656 631 719 681 secla
734 632 775 681 vel
791 648 877 691 annos,

274 702 361 769 Frigus
378 713 402 751 et
418 713 556 752 autunnurn
571 719 705 769 caumaque
720 719 812 769 verque
827 719 924 752 novum

225 773 348 840 inprobus
364 774 472 841 ascripsi,
489 786 556 823 vates
572 792 589 824 o
605 774 694 835 Phebe,
712 775 799 834 sorori,

275 846 396 911 Quosque
412 846 475 912 regit
491 863 586 896 menses
603 847 701 896 Cinthia
716 847 787 906 clara,
803 845 857 905 tibi,

225 917 305 983 Ipsius
321 918 437 978 incessus,
454 918 613 983 tempestivos
630 919 703 967 maris
719 929 793 978 estus,

274 988 382 1039 Nimbos
399 1000 472 1055 atque
487 987 565 1049 nives,
582 1005 636 1038 aera
651 990 816 1055 perspicuum,

226 1061 337 1127 Corpora
353 1076 415 1126 quae
429 1060 517 1110 furtim
532 1077 641 1110 crescens
657 1061 762 1110 animata
778 1060 919 1128 subimplet,

274 1131 398 1182 Deficiens
414 1132 499 1181 eadem
514 1149 567 1181 non
582 1133 663 1182 minus
680 1132 831 1183 extenuans?

227 1204 299 1253 Sidus
317 1204 413 1253 Saturni
428 1204 565 1253 iocundum
579 1202 644 1253 forte
659 1204 758 1264 vocavi,

274 1275 456 1341 Difficilemque
471 1276 539 1325 Iovis
555 1287 628 1341 atque
644 1292 745 1341 gravem
759 1275 882 1325 Veneris?

225 1347 250 1396 A
265 1364 305 1396 me
320 1358 401 1396 vestra
417 1359 489 1396 tenax
504 1359 541 1396 est
557 1348 577 1396 si
593 1358 685 1396 mutata
700 1358 818 1415 potestas

275 1419 300 1467 Ο
316 1418 359 1478 dii,
376 1418 485 1468 defitiam
500 1435 545 1467 nec
561 1434 653 1469 merear
668 1419 782 1468 veniam:

226 1491 287 1539 Non
303 1501 339 1539 est
355 1507 368 1538 a
384 1490 457 1540 nobis
475 1490 495 1539 si
511 1507 573 1556 quae
588 1490 714 1539 veneratio
730 1489 811 1549 vobis,

274 1561 369 1611 Debuit
384 1561 486 1611 attribui
501 1578 570 1610 more
586 1577 687 1628 repensa
703 1578 766 1621 suo;

226 1634 294 1699 Ergo
311 1634 332 1682 si
348 1633 430 1682 decuit
446 1633 544 1699 qualem
559 1650 598 1682 me
614 1633 704 1699 iugiter
720 1633 767 1699 egi,

276 1705 300 1754 Si
316 1721 368 1753 non
384 1704 485 1765 offendi,
502 1705 522 1753 si
538 1704 600 1754 bene
615 1722 662 1754 vos
678 1704 745 1754 colui
941 1713 1002 1757 f.124

226 1776 277 1825 Cur
292 1776 397 1842 genitale
412 1793 496 1825 meum
511 1777 598 1842 clepsit
613 1775 687 1825 vobis
702 1776 765 1825 latro
782 1791 885 1835 sacrum,

275 1848 394 1897 Gluttivit
409 1847 502 1897 nebulo
518 1863 562 1896 cur
577 1848 682 1914 genitale
698 1863 781 1896 meum
797 1846 808 1895 ?

226 1920 290 1978 Heu,
306 1918 415 1979 fortuna,
431 1930 487 1968 tuae
503 1935 578 1985 quam
594 1930 650 1968 sunt
665 1920 730 1968 vires
746 1918 886 1967 violentae!

275 1991 412 2057 OpprimiS,
428 1992 477 2040 heu
493 2008 570 2050 casus,
587 2006 662 2056 quam
678 1990 760 2039 subito
776 1990 896 2039 miserosl

225 2063 290 2121 Heu,
304 2063 360 2122 heu,
374 2078 449 2127 quam
461 2062 567 2111 dubium
579 2063 643 2128 regit
656 2062 722 2111 orbis
736 2061 833 2110 climata
844 2059 940 2110 fatum!

275 2133 350 2183 Orbis
366 2133 440 2183 habet
455 2133 552 2182 nullum
568 2133 611 2183 sed
627 2150 698 2199 mage
713 2132 846 2199 remigium
855 2133 870 2182 '.

226 2205 295 2253 Talia
310 2205 451 2254 dementans
468 2205 570 2271 querula
585 2221 643 2253 curn
658 2221 721 2261 voce
736 2203 855 2270 profarer,

273 2276 353 2325 Aures
370 2292 499 2326 servorum
514 2293 560 2324 nec
575 2293 650 2325 caveo
667 2275 782 2335 bibulas;

224 2348 331 2397 Adstant
346 2348 445 2396 attoniti
461 2348 575 2396 mirantes
592 2347 657 2396 dicta
672 2347 778 2414 patroni,

275 2419 353 2485 Seque
369 2419 412 2469 diu
427 2419 504 2468 versis
520 2418 631 2468 vultibus
648 2418 773 2485 aspitiunt.

226 2491 251 2539 Ο
267 2508 344 2556 genus
361 2491 486 2556 ingratum
501 2491 574 2550 servi,
591 2507 668 2556 genus
685 2506 728 2538 ore
743 2489 909 2556 prophanum,

275 2562 378 2611 Plenum
393 2563 518 2621 rimarum,
534 2561 661 2610 fraudibus
678 2561 834 2628 expositum!

189 2691 220 2724 192
229 2680 276 2714 haud
285 2680 330 2724 stiga
339 2679 405 2713 secrevi
416 2679 456 2713 ditis
466 2679 488 2713 ab
499 2681 515 2713 in
525 2690 557 2713 ras.
630 2690 662 2721 ²07
676 2690 713 2712 non
727 2686 753 2713 est
768 2690 778 2712 a
793 2677 844 2713 nobis
856 2678 870 2712 si
881 2680 898 2713 in
908 2689 942 2714 rar.

153 2739 185 2762 212
196 2728 287 2772 gluttivit:
296 2735 303 2761 t
311 2734 391 2771 suprascr.
