2068 3216
243 160 292 215 418

436 241 571 276 uiuacuaa
588 242 605 276 s.
623 241 762 276 aauaorcn

243 371 276 420 Ut
293 386 376 418 secum
391 380 487 419 maneat
503 384 574 417 soror
591 380 652 429 orat,
668 370 749 419 atille
765 381 866 431 recusat,

292 441 362 504 Quae
378 453 450 507 caput
465 440 566 489 inclinat
582 452 606 489 et
621 441 761 490 Dominum
777 443 876 508 rogitat,

243 513 294 576 Qui
309 513 374 579 pluit
389 525 462 578 atque
477 523 563 572 tonat;
579 511 647 561 fratri
665 512 793 564 Scolastica
808 514 904 575 clamat,

293 584 342 634 «Si
357 596 436 651 potes,
452 583 484 633 ad
499 584 593 643 cellam,
609 584 690 644 frater,
706 584 774 634 abito
790 596 889 636 tuam».

243 656 346 723 Spiritus
363 656 389 704 in
405 656 485 723 specie
499 656 561 723 petit
577 656 641 704 illius
657 667 720 705 astra
735 657 870 718 columbae,

290 729 319 778 In
335 729 395 778 cella
410 727 500 777 residet
516 728 577 777 dum
593 744 665 787 sacer,
682 728 727 776 ista
741 728 827 788 videt;

242 800 339 849 Direxit
354 799 447 859 fratres,
463 799 531 849 iubet
547 799 585 848 his
601 798 684 848 afferre
699 800 801 849 cadaver

292 872 368 935 Quod
385 871 486 939 sepelire
502 888 547 920 suo
563 871 680 939 praecipit
696 871 722 919 in
737 872 842 927 tumulo.
855 927 856 931 Ἰ

242 944 296 992 Lux
311 944 384 993 micat
400 955 424 992 et
439 943 512 992 radiis
527 943 645 1009 propellit
660 942 744 992 nubila
759 944 838 1004 claris,

290 1016 356 1064 Ante
371 1027 466 1081 patrem
481 1014 554 1063 nullis
570 1014 664 1063 visibus
681 1014 729 1063 hoc
744 1016 839 1082 paruit3

243 1087 374 1153 Colligitur
389 1097 464 1146 totus>
481 1086 548 1135 dictu
564 1085 681 1145 mirabile,
697 1087 811 1147 mundus,

292 1159 392 1207 Sanctus
408 1158 534 1225 corporeis
549 1158 668 1225 prospicit
683 1157 749 1207 hunc
765 1159 851 1219 oculis,

242 1230 353 1295 Despicit
368 1242 500 1296 angustum
515 1229 648 1279 distensior
663 1246 737 1278 omne
753 1242 866 1291 creatum,
951 1243 964 1278 r.
977 1243 1009 1278 168

290 1304 375 1368 Ipsum
390 1301 521 1351 sublimem
536 1302 580 1366 qui
594 1300 663 1350 videt
679 1300 802 1362 artificem,

243 1373 272 1422 Se
289 1390 361 1440 super
376 1373 485 1439 erigitur5
502 1373 549 1422 sibi
565 1384 650 1431 cuncta
667 1372 765 1422 subesse
780 1373 903 1434 videntur,

290 1445 429 1511 Ammaque
444 1443 472 1494 fit
487 1457 558 1494 vasto
575 1460 643 1495 mens
660 1445 750 1493 sociata
766 1446 840 1506 Deo3

242 1517 325 1566 Cernit
341 1518 492 1566 Germanum
508 1516 587 1565 caelos
603 1515 661 1566 ferri
678 1517 827 1582 Capuanum,

290 1589 360 1638 Ulnis
375 1589 515 1654 angelicum
530 1604 604 1653 quem
619 1587 676 1636 tulit
692 1587 808 1648 officium,

241 1661 315 1726 Ignea
332 1677 406 1726 quern
420 1661 484 1709 circa
501 1676 569 1726 spera
584 1660 716 1709 conlucens
732 1660 862 1711 rutilabat:

289 1732 427 1782 Promeruit
443 1743 526 1781 noster
541 1742 607 1780 tanta
622 1731 706 1781 videre
721 1743 796 1798 pater.

240 1804 301 1853 Non
317 1804 398 1853 solum
413 1804 482 1853 claris
499 1803 595 1863 renites
611 1816 679 1870 pater
695 1803 796 1864 obtime,
813 1804 897 1870 signis,

288 1875 323 1923 At
338 1875 412 1924 clares
428 1874 508 1924 nitido
523 1874 634 1941 fulgidus
650 1874 759 1941 eloquio.

241 1947 329 1995 Scribit
345 1947 412 1996 enim
427 1947 508 1996 lenem
523 1959 603 1995 teneas
621 1963 702 2012 quam·
718 1947 844 2007 monache,
862 1947 950 2013 legem,

288 2019 380 2067 Christi
395 2017 458 2068 ferre
473 2019 561 2084 iugum
575 2030 687 2085 promtus
704 2018 836 2084 bonusque
848 2019 925 2084 pium.

239 2091 342 2139 Dilectis
359 2090 456 2140 obitum
470 2090 621 2157 praedixerat
636 2101 691 2139 ante
706 2089 818 2139 futurum

288 2162 430 2228 Discipulis,
446 2178 512 2210 anno
528 2161 615 2210 caelica
632 2161 724 2210 scandit
740 2179 788 2221 eo;

238 2234 278 2282 De
295 2233 383 2298 quibus
399 2233 425 2282 in
443 2233 504 2282 cella
520 2233 621 2299 quidam
635 2234 799 2282 communiter
814 2233 865 2299 ipsa

287 2305 424 2371 Degebant‚
440 2305 484 2363 alii
498 2305 597 2370 longius
614 2305 718 2371 expositi
727 2323 746 2367 ;ι

238 2377 304 2426 Ante
323 2377 389 2427 diem
404 2388 499 2426 sextum
516 2376 584 2425 iubet
599 2377 676 2443 aptari
691 2388 887 2436 monumentum,

287 2449 413 2497 Continuo
429 2447 544 2515 gravibus
560 2447 668 2497 febribus
684 2448 795 2508 afficitur,

240 2520 309 2569 Sexta
325 2536 385 2569 vero
401 2520 441 2569 die
457 2535 522 2568 sacra
538 2519 632 2568 delatus
648 2520 674 2568 in
688 2519 757 2579 aede,

287 2591 385 2641 Effiavit
403 2592 490 2641 laetam
506 2591 593 2640 stando
609 2598 696 2640 canens
712 2592 825 2641 animam.

203 2768 233 2802 213
243 2766 260 2791 at
268 2764 348 2801 stcprascr.
357 2756 379 2791 al.
387 2768 429 2791 naara.
