2068 3216
807 153 833 198 15
842 154 852 184 1

326 224 361 257 ou
377 222 584 258 Manoanurrrsus
600 208 643 256 Vl.
661 223 677 268 4

146 350 267 400 Rutilium
283 367 385 416 magnus
402 351 494 400 meritis
511 362 592 400 exorat
608 351 707 410 amicus,

194 423 317 473 Iniustum
332 421 374 470 fiat
390 439 440 488 quo
457 422 504 471 sibi
519 421 674 490 praesidium,

147 494 194 544 Sed
209 493 300 559 refugit
316 493 420 543 dicendo
436 492 503 543 nefas
519 494 606 543 delicta
622 495 697 543 tueri:

197 566 248 629 Qui
264 577 328 614 «tua
344 565 405 633 quid
419 577 555 632 praestat»,
572 566 641 624 dixit,
658 565 790 614 «amicicia

149 638 248 704 Semper
263 637 288 685 in
303 636 411 686 adversis
427 636 473 685 tibi
488 638 514 685 ni
530 636 608 687 fidum
623 638 711 686 tuearis
727 637 762 686 Ρ»

195 709 301 758 Rutilius
317 720 409 768 contra,
427 708 508 758 «ledit
523 709 631 757 amicicia

148 781 280 847 Compellit
296 779 425 829 defendere
442 796 502 847 quae
518 781 647 829 commissa
662 780 782 830 nefanda:

197 853 249 902 Sint
265 851 310 901 tibi
326 868 383 900 cum
398 851 504 919 reprobo
520 852 619 902 foedera
634 852 701 901 nulla
716 853 771 901 viro
781 869 803 900 ».

148 923 241 973 Urbem
256 923 317 973 dum
332 923 432 982 Decius,
448 923 513 972 dicta
528 936 564 973 est
581 924 701 983 Cinninia,
718 924 807 972 Brutus

196 995 334 1044 Obsidione
350 995 419 1061 gravi
435 995 512 1060 cingit
526 996 552 1043 in
568 996 692 1062 Hesperia,

149 1067 220 1116 Cives
237 1078 265 1115 ut
280 1067 352 1115 fuluo
368 1084 419 1116 sese
435 1067 554 1115 redimant
569 1066 637 1116 iubet
652 1083 719 1126 auro,

196 1139 289 1187 Dicunt
304 1138 389 1203 legatis
405 1139 530 1187 unanimes
546 1139 618 1187 Decii

149 1211 208 1259 Non
224 1226 311 1258 aurum
327 1210 374 1259 sibi
390 1210 432 1259 sed
447 1209 540 1259 ferrum
554 1210 654 1276 liquisse
668 1211 777 1276 priores:

197 1281 341 1346 Defendunt
356 1296 436 1330 caram
450 1281 547 1330 fortiter
562 1281 610 1331 hoc
625 1282 735 1348 patriam.

149 1354 197 1401 Pro
213 1370 238 1402 se
253 1352 353 1402 famosis
370 1370 467 1401 causam
482 1352 576 1402 dicebat
591 1352 694 1402 Athenis

197 1424 302 1490 Insignis
321 1425 437 1483 Socrates,
454 1425 522 1491 cogit
537 1441 594 1490 eum
608 1425 659 1473 fera
673 1424 759 1491 plebs;

150 1496 194 1544 Est
209 1512 222 1543 a
238 1496 302 1545 Lisia
319 1496 420 1563 supplex
436 1495 545 1545 defensio
562 1496 649 1563 scripta

198 1568 230 1615 Et
246 1567 349 1616 demissa
365 1568 446 1627 nimis,
462 1568 542 1616 attulit
557 1568 619 1616 hanc
636 1568 735 1627 Socrati,

151 1656 165 1685 ‹<
175 1639 228 1686 Hac
235 1650 316 1688 utatur
325 1656 348 1698 a,
356 1639 398 1698 ait,
408 1656 422 1687 «
432 1655 514 1688 coram
520 1639 620 1706 populis
628 1638 794 1688 fremebundis
804 1657 832 1688 »t

197 1709 291 1759 Iudicat
306 1710 434 1776 indignam
450 1728 474 1759 se
489 1710 542 1759 lore
557 1710 706 1778 paginulam,

149 1781 234 1831 Nescit
249 1782 349 1842 adulari,
365 1782 482 1831 virtutem
496 1781 607 1848 frangere
622 1782 706 1841 nescit,

198 1853 263 1902 Hinc
279 1854 393 1902 columen
409 1854 501 1902 Grecae
517 1853 620 1920 deperiit
635 1852 742 1920 sophiae.

149 1925 263 1974 Ditatum
278 1925 363 1992 spoliis
378 1926 468 1989 Darius
484 1926 613 1974 certamine
629 1924 689 1974 bino

197 1997 284 2046 Victus
299 1996 466 2060 Alexandrum
481 1997 536 2045 vult
551 1996 603 2051 fieri
619 2012 752 2062 generum

151 2067 230 2117 Offert
245 2068 373 2117 Persarum
388 2068 469 2117 Tauro
486 2079 555 2117 tenus
572 2067 629 2116 huic
645 2067 701 2117 dare
717 2084 828 2134 regnum,
871 2079 891 2122 65

197 2139 260 2188 Auri
276 2139 371 2189 decocti
386 2139 495 2205 pondera
511 2140 587 2188 multa
602 2139 689 2188 nimis:

150 2211 233 2278 Inquit
248 2211 389 2260 Alexandro
405 2211 531 2260 Parmenio
547 2211 610 2259 fidus
626 2211 707 2259 amico

199 2283 248 2331 «Si
264 2294 299 2342 tu,
317 2281 513 2348 Magne-forem
527 2294 565 2331 tot
581 2282 646 2330 bona
662 2283 841 2349 susciperem»,

151 2354 203 2402 Rex
217 2355 259 2413 ait,
277 2370 378 2402 «essem
394 2355 414 2402 si
430 2354 625 2402 Parmenio'non
640 2355 781 2412 renuissem,

198 2426 297 2491 Dignus
314 2425 356 2474 sed
372 2436 427 2473 toto
444 2441 499 2473 sum
514 2426 591 2491 magis
607 2426 742 2491 imperio».
873 2448 895 2479 70

152 2496 260 2560 Quidam
277 2498 423 2564 Sparthanus
439 2497 585 2545 iustissimus
602 2508 626 2545 et
642 2513 773 2562 generosus

199 2569 254 2617 lura
271 2568 424 2634 magistratus
441 2568 522 2633 poscit
537 2568 567 2616 ab
583 2568 643 2616 urbe
660 2585 718 2626 sua;

114 2691 135 2731 48
146 2686 257 2732 (reprob).(o)
267 2698 299 2721 ras.
378 2686 400 2720 60
411 2685 535 2730 (indig).(nam)
547 2697 579 2720 ras.
647 2685 667 2720 68
680 2697 753 2730 magne:
766 2697 778 2720 ο
788 2688 818 2729 sig.
830 2698 860 2721 vac.

78 2742 157 2780 suprascr.
