2068 3216
148 131 163 174 4

129 131 143 179 9
309 202 344 237 DE
359 203 567 238 Manoanmrmus
584 190 626 237 IV.
646 207 656 252 3

126 329 239 379 Indibilis
255 330 362 378 multum
376 345 422 396 pro
438 330 535 395 virgine
551 330 638 379 detulit
654 347 748 392 aurum,

176 402 274 451 Aurum
289 417 347 449 cum
363 416 452 468 sponsa
468 401 578 451 redditur
593 402 720 462 Indibili,->

127 474 238 540 Virginis
254 472 362 538 ingratus
379 489 431 521 non
447 484 483 521 est
498 473 552 533 tibi,
570 474 660 540 Scipio,
678 490 790 541 sponsus,

176 545 239 594 Mox
254 544 300 593 tibi
316 561 421 610 namque
437 561 506 593 suam
521 546 636 596 conciliat
651 546 761 613 patriam.

59 641 61 644 >
128 618 216 666 Grecia
238 627 384 665 consuetum
399 616 475 665 mittit
488 617 608 666 solvendo
624 618 751 677 tributum,

175 690 276 738 Pectore
292 688 387 737 sincero
404 687 491 737 detulit
507 688 564 737 inde
581 690 650 749 Cato,

127 762 180 810 Nec
196 762 280 809 Venus
297 760 362 808 hunc
378 759 476 808 domuit
491 777 536 809 nec
552 761 665 810 avaritiae
682 761 733 810 sitis
749 762 818 821 ussit,

174 832 293 881 Affluetet
309 832 402 880 cunctis
419 848 476 880 cum
490 832 531 880 via
547 832 657 882 deliciis:

127 904 254 954 Nimirum
269 920 299 951 ex
314 914 384 952 utero
400 915 499 952 naturae
514 904 608 971 prodiit
623 921 674 953 uno
838 915 851 952 f.
863 927 885 959 41

176 975 306 1035 Sobrietas,
322 975 409 1034 virtus,
421 987 497 1042 ‚atque
514 977 575 1025 Cato
591 976 692 1041 rigidus.

126 1049 187 1097 Non
202 1048 250 1096 nisi
266 1048 422 1095 coniunctam
437 1047 482 1095 tibi
498 1048 572 1107 nosti,
589 1048 677 1108 Druse,
693 1048 808 1114 puellam,

174 1120 283 1179 Vitricus
299 1119 427 1184 Augustus
444 1134 491 1168 rex.
497 1119 547 1168 tibi
562 1119 638 1168 frater
651 1131 726 1178 erata

126 1192 211 1240 Pulcra
226 1190 307 1258 puella
322 1191 405 1239 virum
419 1190 505 1256 lugens
522 1190 631 1240 Antonia
646 1191 761 1258 primum,

175 1264 272 1321 Ducere
287 1274 345 1329 post
360 1262 432 1311 illum
447 1264 539 1330 sprevit
554 1262 657 1311 honesta
672 1263 759 1323 alium,

58 1357 60 1362 t
127 1335 194 1383 Haec
210 1350 294 1384 socrus
311 1345 335 1383 et
351 1344 426 1382 strato
443 1334 589 1383 recubarunt
606 1350 700 1401 semper
715 1336 741 1383 in
756 1351 816 1395 uno,

174 1407 270 1472 Friguit
285 1406 334 1455 hoc
344 1406 453 1464 iuvenis,
470 1405 519 1454 hoc
534 1422 594 1454 anus
611 1406 725 1456 insenuit.
761 1430 762 1433 ¹

126 1478 258 1543 Progenies
274 1479 338 1544 regis
354 1477 485 1526 clarissima
501 1477 608 1526 Marcius
624 1478 697 1538 Anci,

176 1551 271 1598 Mactus
288 1550 383 1599 deiecto
399 1549 500 1598 nomine
517 1550 627 1609 Coriolo,

126 1620 250 1670 Laudibus
267 1621 358 1671 attollit
373 1637 447 1688 quem
462 1621 549 1669 consul
566 1622 696 1670 Postumus
712 1621 798 1687 amplis

169 1694 223 1742 ¹Pro
239 1693 301 1742 bene
316 1692 416 1761 patratis
432 1691 526 1741 actibus
542 1692 683 1752 innumeris,

127 1764 209 1826 Quem
225 1765 286 1813 ditat
302 1764 381 1823 donis,
399 1775 501 1812 centeno
517 1765 601 1829 iugere
617 1765 687 1824 ruris,

174 1837 252 1886 Denis
268 1837 364 1885 aelectis
374 1836 404 1885 de
421 1852 495 1901 grege
511 1835 646 1901 mancipiis,

126 1908 173 1956 Cui
189 1909 294 1958 totidem
310 1908 351 1958 dat
367 1924 444 1974 equos
460 1908 609 1958 ornamentis
625 1907 770 1973 phaleratos,
828 1952 829 1955 ,

174 1979 279 2045 Argenti
295 1991 415 2047 quantum
429 1978 492 2028 ferre
507 1990 591 2045 potest
606 1979 722 2038 humeris,
743 2011 745 2015 s

53 2066 55 2068 ·
126 2051 225 2100 Caetera
239 2052 339 2118 spernit,
354 2067 446 2118 equum
459 2050 502 2115 qui
517 2067 542 2099 se
555 2050 629 2099 vehat
642 2050 737 2117 accipit,
751 2066 829 2098 unum

174 2124 287 2189 Hospicii
303 2139 387 2172 carum
402 2121 529 2171 sedulitate
544 2122 633 2171 virum.

127 2195 255 2243 Sannitum
271 2195 346 2243 Curio
362 2194 436 2260 legati
452 2192 553 2242 consule
568 2193 632 2253 viso,

175 2266 235 2315 Eius
251 2267 370 2316 mirantur
385 2265 527 2333 pauperiem
542 2264 659 2317 nimiam:
687 2288 689 2290 ·

125 2338 224 2386 Rustica
241 2338 298 2387 sella
314 2337 360 2387 sibi
376 2336 488 2386 modicus
504 2335 575 2385 focus
591 2348 664 2402 atque
679 2336 774 2384 catillus

174 2409 281 2474 Ligneus
298 2421 322 2458 et
337 2410 435 2474 lignum
450 2424 512 2474 quae
528 2407 629 2457 deceant-
644 2407 746 2475 epulae3
773 2426 776 2429 ’

126 2480 176 2542 Qui
193 2481 303 2541 redeunt,
319 2481 372 2530 auri
388 2495 506 2545 magnum
521 2480 620 2546 pondus
637 2479 683 2529 sibi
697 2479 808 2538 mittunt,

175 2552 253 2601 Orant
270 2552 420 2620 supplicibus
436 2550 554 2617 percipiat
569 2550 690 2617 precibus,

90 2731 109 2763 19
122 2719 223 2764 orm-tt>
234 2730 267 2754 ras-
