2068 3216
320 225 354 258 DE
370 224 577 259 Mnuoraarrruus
593 211 628 258 Π.γ
644 227 653 258 1

186 353 244 401 Non
254 351 311 400 fons
323 352 466 411 Bandusius‚
478 369 529 401 non
540 352 613 405 habet
623 353 689 401 hunc
701 352 774 401 breve
787 361 827 400 rus
838 371 844 410 ;

138 423 212 472 Orbis
230 423 363 489 subrigitur
379 435 477 473 centum
493 436 634 491 septemque
650 422 759 473 colossus

115 542 117 552 ζ
186 495 301 544 Sublimis
316 494 436 561 pedibus:
453 495 510 544 huic
526 507 576 545 erat
591 495 639 544 alta
655 495 750 545 domus.

137 567 242 616 Plurima
257 577 315 633 post
330 577 412 633 captae
429 567 550 633 Carthago
567 567 647 617 secula
664 567 750 616 Troiae
765 608 766 612 ,

185 638 273 704 Surgit,
290 638 423 704 Carthagus
441 639 520 688 Zorus
537 650 561 688 et
577 639 638 691 hanc
655 649 770 698 statuunt,

137 710 288 760 Contendunt
304 709 404 775 quidam
419 709 519 759 Didone
534 710 633 760 iubente
648 710 759 770 locatam,
838 720 839 723 ’

186 780 232 831 Sed
248 792 305 849 post
321 782 430 830 Aeneam
445 793 555 848 tempore
571 798 623 831 non
638 782 746 831 modico.

103 907 105 910 ,
136 853 278 919 Hipparcum
292 854 415 919 perimunt
430 853 456 901 in
472 853 574 902 Palladis
590 853 650 902 urbe
666 854 788 901 tirannum

183 925 262 974 Fortis
278 925 415 990 Aristigion
431 925 613 991 Armodiusque
630 942 717 990 sagax3
842 934 855 970 f.
870 935 890 969 1⁶

136 996 238 1045 Conscia
254 998 319 1045 Lena
334 996 382 1045 fuit
396 996 444 1045 illis
460 996 580 1046 ambobus
596 997 688 1056 amica;

184 1068 322 1135 Torquetur
338 1068 418 1133 flagris
435 1067 524 1117 indicet
540 1079 568 1116 ut
584 1069 669 1127 sotios

135 1139 260 1188 Morsibus
275 1139 316 1188 illa
333 1155 401 1188 suam
416 1140 503 1189 lacerat
517 1139 634 1189 fidissima
649 1140 749 1205 lingam,

184 1212 253 1274 Quae
268 1222 400 1278 postquam
414 1211 495 1276 periit,
512 1212 608 1278 questio
625 1228 709 1278 quassa
724 1210 779 1260 fuit.

135 1283 260 1331 Euristeus
278 1282 392 1350 Sparthae
407 1282 496 1332 residet
512 1283 572 1332 dum
587 1298 629 1332 rex
645 1283 775 1341 animosae,

182 1354 261 1403 Fidon
276 1369 415 1403 mensuram
429 1354 526 1421 pondus
543 1366 567 1403 et
582 1354 693 1403 instituit.

134 1426 225 1475 Foedat
241 1442 283 1474 rex
297 1442 398 1474 omnem
413 1426 517 1475 Macedo
533 1426 603 1475 bellis
621 1425 755 1485 Orientem,
832 1453 833 1457 =

181 1497 323 1564 Discipulus
339 1497 422 1563 magni
438 1514 540 1563 magnus
556 1497 711 1556 Aristotelis3

134 1571 212 1619 Natus
228 1569 370 1619 Nectanabo
387 1569 543 1618 contenditur
558 1568 598 1621 hic
612 1568 666 1618 fore
681 1568 752 1627 falso,

182 1642 246 1691 Nam
262 1656 347 1706 magus
362 1640 404 1689 ille
418 1638 466 1689 fuit
482 1656 550 1689 carus
567 1640 707 1708 Olimpiadi.

134 1715 186 1762 Rex
199 1723 327 1780 penetrans
343 1712 418 1761 Indos
434 1712 478 1760 ubi
494 1712 552 1761 solis
569 1723 619 1760 erat
635 1711 700 1760 subit
715 1711 795 1770 arbor,

181 1783 263 1833 Arbor
279 1799 414 1849 germanae,
431 1783 537 1832 consulit
552 1783 594 1832 has
611 1783 727 1849 geminas,

134 1856 203 1919 Quae
218 1870 333 1920 responsa
349 1854 439 1904 dabant
454 1855 581 1920 utriusque
596 1855 622 1902 in
638 1854 722 1903 sideris
738 1865 803 1913 ortu,

181 1928 261 1975 Haeae
276 1926 447 1991 praedixerunt
463 1942 573 1994 quaeque
587 1926 669 1975 futura
685 1925 738 1975 sibi.

132 1998 222 2048 Indum
236 1998 285 2046 iam
300 2013 384 2064 regern
399 2009 521 2063 superarat
538 2010 602 2046 sorte
618 1997 701 2057 duelli,

181 2069 286 2135 Magnus
303 2069 406 2118 habebat
422 2084 464 2117 rex
477 2069 586 2137 quinque
600 2070 676 2117 Porus
692 2068 797 2127 cubitos,

133 2140 238 2207 Cuspide
255 2140 298 2205 qui
313 2139 394 2189 fossus
411 2139 471 2189 dum
486 2141 580 2190 victum
596 2157 621 2189 se
636 2139 772 2207 profitetur,

180 2213 263 2262 Vitam
279 2228 335 2260 cum
350 2228 428 2278 regno
445 2211 520 2260 donat
536 2212 559 2260 ei
575 2211 695 2271 Maced03

98 2329 100 2349 3
131 2283 241 2333 Aedibus
257 2284 345 2332 auratis
362 2299 435 2348 quern
451 2284 583 2350 suscipiens
600 2294 624 2331 et
640 2282 745 2342 eburnis,

180 2355 279 2404 Obtulit
294 2355 414 2403 inmensas
431 2370 473 2403 rex
488 2352 564 2403 Porus
580 2356 632 2421 ipse
648 2370 725 2420 gazas,

130 2428 159 2476 In
175 2427 243 2475 cuius
260 2426 328 2474 tectis
345 2426 483 2492 dependens
500 2443 570 2475 aurea
585 2426 642 2474 vitis

180 2497 296 2547 Gestabat
311 2498 414 2563 gemmis
431 2515 460 2546 ex
475 2498 554 2546 rutilis
569 2498 660 2556 acinos,

95 2629 176 2686 1881111)
187 2641 217 2684 legi
223 2647 252 2683 nan
256 2646 315 2684 potest.
371 2652 400 2685 191
413 2639 501 2684 plubima)
512 2631 541 2674 aix
548 2639 578 2683 lagi
582 2646 639 2684 potest.
695 2651 726 2683 192
738 2640 797 2684 ...[git)
808 2639 838 2683 legi

58 2701 87 2725 non
92 2696 150 2735 potest.
200 2700 229 2732 193
238 2688 346 2732 ...(tendunt)
354 2687 384 2731 legi
390 2699 419 2722 non
423 2693 482 2731 potest.
538 2699 567 2732 195
578 2688 633 2732 (hipp)
643 2687 768 2732 ....(perimunt)
774 2688 836 2732 leginon

56 2744 114 2783 potest.
164 2736 293 2780 197lllisinras.
343 2735 448 2780 198flagris:
461 2742 552 2780 rsuprascr,
600 2746 632 2769 212
644 2746 679 2769 rex:
691 2743 728 2777 tres
738 2737 784 2788 R.⁴
838 2759 839 2762 η
