2068 3216
297 202 298 205 =
358 191 392 223 uu
408 182 617 226 Mnuounur'ttsus
634 174 701 228 VH}¹
722 191 750 236 17
780 190 782 192 ’

197 320 254 368 Hoc
269 317 299 366 ab
316 333 346 366 eo
363 315 592 383 signatur-epistola
606 317 688 367 missa'
697 316 779 383 sigillo

243 389 315 439 illam
331 387 400 453 quod
416 388 543 455 stropham
559 390 686 454 computet
702 385 754 445 esse
771 405 846 438 suam.
924 412 946 434 20

196 461 326 519 Aedificas,
342 459 406 518 Iuni,
423 459 484 509 dum
498 459 585 525 templi
601 458 689 509 decora
707 460 791 520 Saluti,

244 532 327 598 Pingit
343 542 367 581 et
382 530 421 579 his
437 547 529 580 nomen
545 530 587 580 dat
601 532 732 598 proprium
747 531 843 581 Fabius.

195 605 298 655 Palladis
314 604 341 652 in
356 602 443 671 pulcro
459 603 598 670 componis,
614 603 691 664 Fidia,
708 615 778 652 scuto

245 675 368 742 Effigiem,
384 675 448 724 clara
462 674 554 724 nobilis
569 686 628 734 arte,
644 687 729 725 tuam:

196 749 231 798 At
246 760 328 797 tamen
343 756 422 796 astute
439 747 495 796 satis
511 746 570 795 haec
586 745 729 814 depingitur
743 764 758 796 a
773 758 806 807 te,
868 748 869 752 ’
925 770 945 802 25

244 822 297 869 Hac
313 830 341 868 ut
356 819 475 868 convulsa
491 817 612 885 dispereat
627 819 729 884 clipeus.
770 858 773 863 ,

196 893 266 942 Dum
281 890 458 940 Themistocles
474 889 556 939 turbis
567 889 715 939 vallantibus
731 890 777 941 iret

244 963 286 1013 Ad
301 962 431 1023 theatrum,
448 961 549 1027 quidam
564 961 627 1010 dixit
642 963 665 1011 ei
680 962 810 1021 comitum,

197 1053 212 1083 «
221 1035 297 1085 Grata
304 1033 351 1083 tibi
359 1050 421 1100 quae
428 1051 480 1084 vox
487 1033 564 1099 magis
573 1044 617 1092 est,
625 1034 665 1082 vir
673 1050 769 1100 magne,
778 1033 892 1083 referto»
903 1054 910 1095 ;

245 1124 260 1154 «
269 1106 357 1171 Pangit
365 1123 389 1165 ›>‚
402 1106 444 1166 ait,
458 1123 473 1153 «
481 1105 563 1154 laudes
577 1121 642 1171 quae
651 1106 730 1171 magis
743 1117 799 1171 apta
811 1122 909 1156 meas».
925 1129 946 1163 30

197 1178 284 1237 Audit,
300 1177 429 1227 Anaxacro
443 1177 525 1245 plures
541 1176 643 1226 existere
659 1176 766 1226 mundos

244 1249 402 1317 Disceptante
418 1266 463 1300 suo
480 1246 565 1309 milite,
581 1265 623 1297 rex
638 1247 743 1298 Macedo
762 1278 796 1286 -

197 1321 336 1371 Democriti
348 1332 405 1369 sunt
414 1321 473 1370 haee
485 1349 520 1358 --
530 1338 545 1368 ‹<
551 1321 669 1369 miserum
674 1337 714 1369 me
720 1338 743 1380 ›>,
756 1337 799 1370 rex
807 1321 841 1369 ait
850 1321 911 1389 ipse,

246 1394 309 1441 «Ex
323 1391 362 1441 his
377 1409 430 1441 non
446 1409 509 1442 unus
526 1404 562 1441 est
578 1390 640 1440 mihi
656 1392 763 1441 mundus
779 1392 859 1442 adhuc
868 1395 899 1442 »l

197 1464 335 1530 Prodigiale
350 1464 432 1513 iecurl
449 1464 489 1513 cui
505 1464 540 1513 sic
555 1475 658 1529 angusta
672 1464 772 1513 videtur
925 1488 944 1519 35

245 1535 336 1585 Mundi
351 1536 431 1585 tocius
447 1532 501 1585 area
516 1535 588 1604 plena
602 1535 671 1584 vitis.

197 1608 293 1657 Doctus
309 1608 455 1657 Aristoteles
472 1607 518 1657 sub
533 1607 635 1655 nornine
650 1607 692 1656 dat
708 1606 834 1656 Theodoti

246 1680 348 1746 Eloquii
364 1680 467 1746 scriptos
483 1678 638 1746 praetitulare
653 1678 744 1728 libros:

198 1751 318 1800 Paenituit
333 1750 416 1799 dicens
432 1751 499 1810 alias,
516 1767 530 1798 t<
539 1750 598 1799 haec
613 1751 639 1798 in
655 1749 780 1806 Theodoti

247 1823 317 1886 Quos
334 1822 420 1890 scripsi
434 1822 503 1871 libris
518 1822 614 1889 plenius
631 1822 767 1889 explicui».
783 1845 785 1849 ·
924 1846 947 1876 40

198 1894 325 1944 Pausanias
342 1905 414 1959 rogat
430 1894 562 1944 Herodem
578 1909 629 1959 quo
644 1894 742 1942 tramite
756 1904 841 1960 posset

245 1965 349 2031 Vulgari
364 1965 429 2014 fama
444 1981 488 2031 per
503 1966 603 2014 Danaos
620 1964 718 2024 celebri,

199 2037 250 2100 Qui
266 2037 398 2104 respondet
414 2038 444 2097 ei,
462 2035 597 2102 «siquem
612 2052 731 2103 magnum
745 2036 863 2102 iugulatis
873 2055 904 2085 »z

245 2108 290 2158 Ille
306 2108 449 2176 Philippum
463 2119 520 2157 trux
534 2108 652 2156 interimit
668 2108 768 2174 gladio;

198 2181 248 2230 Vix
263 2181 340 2246 magis
356 2180 409 2247 ipse
424 2180 509 2248 probis
524 2179 634 2228 famosus
650 2195 693 2229 tex
707 2179 755 2228 fuit
771 2179 830 2227 actis
926 2205 946 2237 45

248 2253 330 2316 Quam
345 2251 376 2300 de
391 2252 526 2301 commisso
543 2252 670 2300 Pausanias
688 2251 783 2300 scelere.

199 2324 318 2392 Ephesiae
335 2323 436 2391 quidam
451 2320 561 2390 phanum
576 2335 667 2371 cremat
682 2324 740 2389 igne
756 2323 858 2381 Dianae,

246 2395 352 2445 Nullum
368 2395 408 2443 cui
423 2392 723 2462 praesens'aequiperatur
739 2409 819 2461 opus;

198 2468 287 2516 Ateius
304 2477 393 2515 artatus
411 2483 462 2516 sese
477 2466 563 2515 fecisse
578 2465 676 2525 fatetur,

249 2538 315 2587 Toto
331 2537 440 2586 famosus
456 2538 514 2586 hinc
530 2548 558 2585 ut
573 2537 600 2585 in
616 2537 676 2586 orbe
692 2537 773 2595 foret3
928 2562 950 2593 50

163 2669 183 2700 19
195 2657 217 2692 ab
230 2669 264 2692 eo:
276 2657 310 2692 hab
323 2668 350 2692 eo.
434 2669 452 2691 21
466 2657 514 2691 iuni:
527 2669 539 2691 o
550 2659 579 2701 sig,
588 2668 618 2690 voc.
626 2641 705 2702 stiprarcr.
775 2667 793 2699 25
808 2656 871 2700 (a).(te)
882 2668 914 2692 ras.

127 2717 148 2749 27
159 2705 369 2749 (Dum)..(themistocles)
380 2716 411 2738 rar.
781 2725 782 2728 κ
