2068 3216
227 177 278 222 454

536 250 571 283 DE
589 251 640 284 ovo

227 378 267 426 De
284 394 309 426 se
325 393 377 425 non
393 388 479 446 tractat
496 377 538 426 scd
555 390 597 426 eos
613 377 684 427 fovet
699 389 724 426 et
736 379 810 445 'quasi
825 379 912 428 iactat:

228 450 302 498 Huna
318 449 389 498 timet
405 449 489 498 multis
505 466 551 498 nec
566 458 643 498 cessat
659 449 738 499 donec
753 449 843 499 adultis
859 462 860 466 ’
886 458 887 461 ’

227 522 260 569 Et
276 520 338 570 bene
353 521 465 587 pennatis
482 521 513 570 sit
528 522 555 569 in
570 521 618 570 iliis
635 532 689 588 spes
705 521 843 587 probitatis,

227 594 262 642 Ut
277 604 395 658 peragant
410 593 489 642 vitam
504 593 556 641 sine
572 604 649 643 matre
665 593 778 642 decenter
793 593 824 642 ad
839 594 917 642 vitam

227 665 267 714 Ne
282 676 381 730 pateant
397 675 488 713 temere
502 665 649 731 possintque
665 666 790 732 sciantque
802 676 899 724 cavere,

228 737 260 784 Et
277 737 325 784 sint
340 747 464 801 pugnaces
480 751 527 802 pro
540 737 591 785 vita
607 736 660 785 iure
676 747 780 803 rapaces,

229 808 282 857 Sint
298 820 323 857 et
338 819 366 856 ut
382 808 484 857 audaces
498 824 546 873 pro
562 808 658 857 viribus
674 821 747 875 atque
762 807 881 874 fugaces:

229 880 268 929 Sic
283 881 359 945 partis
374 879 437 928 natis
454 897 484 928 ex
501 891 570 929 utere
585 881 633 936 iam
650 880 768 938 solidatis,

228 952 275 999 Est
290 952 317 1000 in
332 951 448 1001 mandato
464 952 560 1018 populo
577 967 631 1017 spes
649 951 814 1001 sanctificato:

228 1023 289 1072 Non
305 1022 463 1089 suspiramus,
480 1024 600 1090 gemimus
625 1022 787 1083 lacrimamm,
803 1040 911 1072 amamus

133 1117 156 1150 30
230 1094 306 1157 Quod
323 1112 375 1144 non
392 1095 522 1161 aspicimus
539 1094 608 1161 quod
625 1110 696 1144 carne
711 1096 796 1145 uidere
805 1095 943 1160 nequimus.

194 2731 217 2762 24
225 2719 321 2764 possinque
366 2730 384 2762 25
398 2729 496 2762 pugnaces:
509 2719 628 2762 cesstprarc'r.
701 2728 723 2759 27
741 2727 803 2761 patens
862 2720 882 2751 28
893 2719 977 2761 prima*

163 2767 219 2802 littera
227 2767 258 2811 legi
268 2778 298 2801 non
306 2772 367 2811 potest.
400 2766 425 2801 in:
434 2766 487 2800 idem.
538 2777 560 2809 29
578 2764 695 2799 lacrimantur.
905 2769 906 2772 ’
