2068 3216
200 177 248 220 140

382 251 417 284 ns
431 249 639 287 Mauonssmmus
654 264 670 272 -
686 236 728 284 VI.
748 253 758 284 1

197 375 326 425 Terminus
343 376 447 443 imperio
462 377 510 426 fuit
525 377 584 426 haec
599 389 709 427 matrona
726 377 840 444 superbo,

246 448 394 497 Consulibus
409 448 485 497 fasces
501 449 606 498 contulit
621 450 673 517 ipsa
689 450 782 498 breves.

196 519 287 567 Natam
302 520 414 586 Virginei
429 520 510 587 plebei
526 532 634 588 stuprare
650 521 773 570 decemvir
904 532 915 568 f.
931 544 966 577 59v

244 590 353 658 Imperio
368 590 443 640 fretus
459 592 555 659 Appius
571 593 684 660 appeciit,

198 661 280 723 Quam
291 673 360 729 pater
373 663 425 730 ipse
437 662 521 712 forum
533 675 634 712 tractam
645 664 764 732 percussit
776 663 802 711 in
814 665 903 731 ipsum,

245 732 340 783 Malens
357 751 431 801 quam
445 746 529 802 ruptae
545 735 648 801 virginis
664 752 716 784 esse
730 746 806 802 pater.

196 805 341 854 Aufidianus
359 822 431 874 eques
449 807 605 855 Saturninum
619 807 784 874 pedagogum,

220 915 221 918 η
245 877 417 943 Virginitatem
433 879 476 943 qui
490 878 631 946 prodiderat
646 879 748 944 genitae,

197 949 229 996 Et
245 949 353 1014 genitam
367 949 432 998 ferro
448 950 538 1017 pariter
553 949 670 999 transfixit
685 960 766 1009 acuto,

246 1022 327 1080 Hunc,
344 1021 401 1087 quia
416 1021 564 1088 prodiderat,
581 1021 650 1081 hanc,
666 1021 723 1087 quia
738 1021 876 1088 pertulerat.

197 1092 321 1141 Promittit
336 1093 427 1141 multos
444 1104 568 1142 matronae
585 1110 609 1141 se
626 1093 681 1142 dare
697 1108 819 1152 nummos,

246 1164 270 1213 Si
286 1163 434 1213 consentiret
448 1164 489 1213 illa
505 1164 559 1224 sibi,
577 1164 656 1223 Silius,

198 1234 281 1296 Quem
290 1235 510 1302 voluissequidern
521 1236 563 1286 sed
574 1253 626 1284 non
636 1251 746 1303 peccasse
757 1235 905 1301 professum,

245 1308 345 1367 Censor,
362 1307 426 1356 dicte
442 1308 518 1367 Celer,
535 1307 650 1356 diminuis
667 1308 750 1375 capite.

196 1378 289 1427 Aedilis
305 1379 392 1440 fueras
409 1379 495 1428 Claudi
511 1379 631 1439 Marcelle,
648 1379 745 1438 curulis,

244 1451 295 1499 Das
312 1451 452 1518 Capitolino
468 1463 578 1518 tempora
595 1451 708 1509 Scatinio,

196 1521 266 1570 Plebs
283 1522 372 1588 quibus
389 1540 418 1571 ex
432 1524 506 1589 gestis
523 1523 641 1571 examinet
656 1523 721 1570 hunc
736 1522 879 1581 inhonestis,

246 1594 368 1661 Tempore
384 1599 434 1660 quo
449 1593 527 1661 plebis
543 1594 584 1642 ille
600 1593 711 1642 tribunus
728 1604 794 1652 erat3

197 1665 261 1730 Cogi
276 1680 349 1732 posse
365 1678 445 1732 negat,
462 1677 638 1731 sacrosanctam
653 1666 710 1731 quia
725 1665 812 1714 clamat

246 1738 305 1786 Esse
320 1749 466 1803 potestatem
482 1753 557 1804 quarn
571 1748 637 1785 tenet
652 1736 795 1795 inmeritus3

196 1808 236 1856 De
252 1820 338 1875 stupro
353 1821 438 1857 natum
454 1808 514 1857 dicis
531 1809 655 1857 monuisse
669 1807 795 1875 pudicum,

245 1880 316 1929 Unde
331 1880 487 1930 tribunitium
502 1880 594 1946 flagitat
609 1880 733 1939 auxilium,

197 1951 248 2014 Qui
263 1963 369 2000 renuunt
383 1952 420 2001 illi
435 1967 480 2018 pro
497 1951 608 2018 turpibus
624 1951 740 2010 auxiliari,

244 2023 399 2089 Dampnatur
414 2024 469 2072 solo
485 2034 546 2071 teste
562 2038 616 2071 reus
632 2037 717 2089 puero.

196 2095 278 2144 Proles
294 2095 391 2144 Veturii
406 2095 521 2145 Veturius
537 2110 591 2143 aere
606 2094 687 2143 alieno

244 2167 351 2226 Pressus,
368 2183 393 2215 se
408 2167 489 2232 iungit
503 2181 593 2232 parvus
610 2166 688 2215 adbuc
704 2166 793 2224 Plotio,

197 2237 338 2287 Tradiderat
352 2249 447 2306 patrem
464 2237 602 2286 Sannitibus
618 2237 685 2286 ultro
701 2247 804 2296 senatus,

245 2309 309 2357 Cum
325 2309 414 2376 quibus
430 2310 450 2357 is
466 2307 554 2357 foedus
570 2320 641 2375 turpe
657 2308 769 2357 subactus
785 2308 839 2367 init,

197 2381 281 2428 Gratia
297 2398 358 2448 quae
374 2381 442 2446 cogit
457 2394 562 2447 puerum
578 2397 602 2429 se
619 2379 721 2429 subdere
737 2379 798 2429 diti:

245 2452 327 2515 Quem
342 2452 423 2518 flagris
440 2451 533 2501 Plotius
550 2451 648 2500 dilaniat
664 2451 778 2517 gravibus
804 2504 806 2506 ,

196 2524 317 2572 Noluerat
333 2523 411 2572 subici
427 2523 483 2589 quia
499 2539 619 2572 consensu
636 2523 682 2572 sibi
696 2522 769 2589 turpi,

160 2677 178 2709 13
191 2666 286 2700 saturnino.
378 2677 396 2709 15
414 2666 446 2709 (elt
460 2668 489 2700 aix
503 2665 533 2708 legi
543 2671 602 2709 potest.
684 2664 779 2699 transfixit:
799 2675 807 2698 s
825 2670 905 2708 suprascr.

125 2713 145 2746 16
155 2713 216 2756 <bu)nc
224 2715 254 2747 vix
262 2713 292 2757 legi
296 2719 355 2757 potest.
417 2725 436 2756 17
446 2713 549 2757 promptus]
561 2715 589 2747 rix
598 2712 628 2755 legi
633 2718 691 2756 potest.
752 2724 772 2756 32
784 2722 859 2756 parvus:
871 2722 905 2745 vus

123 2767 201 2804 optram,
252 2761 271 2805 36
282 2761 359 2805 plotius:
371 2761 465 2805 lsrprarrr.
