2068 3216
224 199 273 248 292

487 269 607 304 Etrsrura
631 257 667 304 VI

271 397 381 447 Mentula
397 398 515 447 testiculis
532 414 575 447 cur
591 414 669 448 careas
686 399 790 464 geminis
807 399 818 447 ?

221 469 333 518 Forsitan
348 470 394 519 hos
410 468 476 519 ferro
492 469 593 536 perlitas
610 470 727 536 praecidit
743 483 815 520 acuto

270 541 370 607 Iamque
385 542 521 590 veternosis
538 540 660 591 ulceribus
676 542 798 607 putridos,

221 612 273 660 Aut
289 624 313 661 te
328 613 393 662 fasce
410 630 455 662 suo
472 629 554 662 ramex
569 613 680 663 inmensa
695 614 820 680 gravabat,

270 684 380 734 Plebeiae
396 697 478 751 raptus
494 685 598 751 virginis
615 697 656 734 aut
672 685 754 751 pudor
769 697 814 745 est,

221 755 273 803 Aut
288 766 325 805 est
340 757 421 822 ignoti
437 757 532 823 generis
548 756 601 805 vim
616 772 686 822 passa
701 757 790 823 puella,

270 828 384 894 Pauperis
401 840 442 877 aut
458 844 521 877 uxor
537 844 638 878 munere
653 829 706 878 lusa
722 840 783 878 tuo:

222 899 289 948 Heus
305 916 359 965 age,
376 899 436 966 quid
452 916 540 949 verum
555 900 677 966 responde
693 900 782 949 dixeris
799 900 896 958 horum,

270 970 333 1020 Cura
349 970 395 1020 tibi
411 971 496 1021 Florae
513 972 617 1037 qualiter
632 971 754 1022 acciderit.

222 1043 312 1102 «Nil»,
319 1042 360 1102 ait,
367 1043 516 1109 «indignum
523 1060 581 1092 me»
589 1043 709 1109 Sincopus
717 1044 817 1109 «accipe
823 1058 934 1109 passum:

269 1116 336 1165 Nam
351 1131 391 1164 me
406 1127 457 1163 tam
472 1127 570 1180 turpem
586 1115 647 1164 nolo
662 1127 734 1181 putes
750 1115 894 1174 ltominem23

221 1187 265 1235 Est
281 1186 353 1235 nobis
370 1187 465 1235 animus
482 1204 534 1235 non
550 1187 585 1235 sic
600 1198 628 1235 ut
644 1203 696 1236 rere
712 1188 835 1245 remissus,

269 1258 321 1322 Qui
337 1275 362 1307 se
377 1270 428 1307 tam
442 1257 505 1307 fedis
521 1258 636 1323 illaqueet
652 1258 770 1318 maculis;

221 1329 268 1378 Sed
284 1330 403 1396 quoniam
418 1330 500 1395 queris
516 1329 578 1378 mihi
594 1346 637 1379 cur
653 1330 758 1396 genitale
774 1329 857 1389 recidi,

268 1403 307 1451 Ne
324 1417 404 1467 speres
421 1401 496 1461 aliud,
512 1401 595 1467 pando
611 1401 658 1449 tibi
674 1401 781 1450 brevius.

219 1473 287 1521 Artis
304 1474 474 1539 grammaticae
490 1473 598 1522 tumidus
615 1473 646 1521 de
662 1473 814 1539 cognitione,

269 1545 401 1593 Exundans
417 1546 506 1593 animis
522 1562 567 1593 nec
582 1544 709 1610 locuplebs
726 1544 824 1610 opibus,

219 1616 336 1681 Angebat
351 1617 406 1682 iugi
423 1633 552 1665 succensus
568 1616 675 1682 pectoris
692 1628 762 1665 estu:

268 1688 345 1750 ‘Quid
361 1687 419 1737 facis
436 1689 447 1737 ?
464 1704 495 1736 en
510 1688 591 1736 nullae
607 1700 663 1736 sunt
679 1688 725 1737 tibi
741 1687 844 1736 diviciae

220 1759 291 1809 Unde
307 1759 348 1808 vel
364 1760 481 1825 exiguum
497 1771 587 1808 crescat
602 1759 662 1808 facis
679 1759 889 1808 emolumentum:

269 1831 295 1879 Si
310 1848 426 1880 nummos
443 1830 531 1880 habeas
548 1846 643 1897 semper
659 1831 769 1879 honorus
786 1832 850 1888 eris;

219 1902 310 1951 Nullus
325 1902 406 1952 honos
422 1902 492 1969 inopi
507 1902 561 1962 tibi,
577 1903 660 1951 nullus
676 1903 767 1950 amicus
784 1902 874 1968 egenti,

267 1974 365 2022 Aurum
380 1975 401 2023 si
417 1974 480 2023 desit
495 1974 575 2023 littera
590 1974 658 2022 nulla
673 1973 768 2040 placet!

219 2046 291 2094 Anne
306 2046 377 2094 vides
394 2047 480 2095 Gallos
498 2047 601 2094 Hecates
617 2045 728 2094 incedere
743 2046 857 2111 pingues,

268 2117 347 2166 Serica
364 2133 426 2182 quos
442 2118 517 2166 vestit
533 2129 561 2166 et
573 2117 656 2165 clamis
674 2128 698 2165 et
713 2117 795 2165 tunica
811 2117 822 2164 ?

218 2189 289 2237 Auro
305 2205 363 2237 cum
372 2189 439 2237 caris
455 2189 606 2237 honorantur
621 2187 719 2237 brachia
736 2188 848 2253 gemmis,

268 2260 339 2309 Suras
355 2260 491 2308 circumdat
505 2275 658 2326 purpureum
673 2260 790 2325 regimen,

218 2332 325 2380 Auraros
341 2331 445 2397 pedibus
463 2348 549 2380 soccos
565 2348 593 2379 ac
608 2331 700 2379 vertice
716 2331 821 2389 mittam,

267 2403 386 2452 Turribus
401 2403 519 2452 assimiles
536 2403 622 2468 aspicis
640 2420 691 2452 esse
706 2403 775 2461 lares,
805 2448 806 2451 ,

219 2475 314 2523 Horrea
329 2474 463 2533 frumento,
479 2474 575 2523 cellaria
590 2474 662 2540 plena
678 2474 789 2532 Falerno,

268 2546 359 2594 Scrinia
375 2545 529 2594 multimodis
545 2546 695 2594 accumulata
711 2545 784 2611 gazis.

220 2617 243 2665 Si
259 2616 343 2666 fierem
359 2617 453 2677 similis,
470 2618 566 2682 quirem
581 2633 641 2665 mox
656 2616 701 2665 hec
716 2616 827 2682 adipisci,

182 2736 203 2778 67
215 2734 303 2779 periphras
316 2734 347 2769 Cn.
395 2746 416 2778 70
429 2734 628 2779 plebeiae2esuprascr.
676 2746 698 2777 72
709 2734 755 2769 laesa
767 2734 797 2769 Cn.
846 2738 866 2777 78
879 2733 934 2769 saedis

148 2783 178 2817 Cn.
227 2795 248 2827 79
260 2782 352 2817 recidizci
363 2790 443 2827 suprascr.
493 2781 646 2826 821ucuplescn.
695 2786 714 2826 83
727 2790 777 2817 aestu
788 2782 818 2816 Can
868 2785 887 2824 85
900 2783 933 2817 fac.
