2068 3216
765 175 809 223 16¹1

220 263 255 296 us:
269 263 477 297 Meuoaammsus
493 248 536 296 Vi.
554 264 568 312 9
585 275 595 282 -
611 244 654 296 Vt.
674 263 702 294 10

101 389 187 457 Caepit
202 401 329 438 versutum
345 389 431 439 Bocho
446 389 555 439 tradente
571 389 724 455 Iugurtham,

150 461 302 510 Comminuit
317 462 380 510 vires
397 473 421 510 et
437 461 569 510 Mitridatis
586 476 655 528 opes,

99 533 205 581 Cinnam
218 531 344 599 perfregit,
360 532 457 582 socialia
473 532 536 582 bella
552 534 673 599 repressit,

148 605 300 671 Proscriptus
317 605 403 653 consul
419 616 455 653 est
471 604 501 653 ab
518 621 548 653 eo
565 603 675 663 Marius3

100 676 140 725 Sic
156 676 267 742 geminos
285 675 352 725 Sillas
369 677 395 724 in
410 675 500 725 eodem
514 691 588 724 cerno
604 675 688 735 fuisse,
826 697 844 729 35

147 748 278 797 Lascivum
293 748 408 797 iuvenem
423 763 530 815 moxque
545 747 629 796 virum
644 747 763 796 stabilem.

100 818 190 868 Esculo
206 819 257 884 agit
273 830 345 886 capto
361 819 463 887 Pompei
478 830 547 885 pater
562 831 617 868 ante
634 818 785 885 quadrigam,

148 890 247 957 Quippe
263 890 435 957 triumphabat,
452 889 598 939 Ventidium
612 905 734 957 puerum;

97 962 146 1010 iste
161 962 322 1028 triumphavit
338 961 368 1011 de
384 962 457 1011 caesis
473 974 558 1030 postea
573 962 675 1021 Parthis,

147 1034 179 1081 Et
195 1033 274 1083 Crassi
290 1050 372 1094 manes
389 1045 453 1082 trans
471 1034 537 1099 Stiga
552 1034 624 1082 lintre
640 1035 705 1082 tulit.
822 1056 845 1087 40

234 1175 278 1218 DE
293 1174 482 1219 MUTACIONE
500 1174 670 1219 FORTUNAE

434 1302 462 1334 10

98 1392 237 1458 Oppressus
253 1392 439 1459 repetendarum
454 1392 484 1441 de
500 1392 601 1441 crimine
617 1393 704 1441 consul

146 1463 248 1512 Ceciliae
262 1464 323 1529 legis
339 1464 456 1513 Lentulus
472 1463 569 1523 inditio,

97 1535 183 1583 Faetus
198 1535 297 1584 fortuna
313 1552 399 1584 censor
415 1536 536 1584 relevatur
550 1535 634 1595 amica,

145 1607 179 1655 Ut
196 1607 330 1656 Censorino
346 1621 390 1673 par
406 1608 437 1655 sit
452 1607 478 1655 in
493 1607 605 1673 imperio,

97 1677 179 1739 Quem
193 1694 273 1744 neque
288 1677 336 1727 fata
352 1678 423 1727 bonis
439 1679 583 1745 permittunt
598 1678 697 1744 iugibus
713 1679 758 1737 uti,
833 1701 840 1732 5
887 1722 888 1725 ,

145 1749 198 1798 Nec
212 1764 260 1815 pro
275 1750 397 1799 continuis
413 1750 560 1816 ingemuisse
576 1750 652 1799 malis.

97 1820 187 1887 Captus
204 1821 268 1887 apud
284 1822 382 1889 Liparas
399 1822 487 1871 Nasica
502 1821 638 1870 furentibus
655 1820 732 1880 Afris,

144 1892 205 1940 Belli
221 1893 273 1941 iure
289 1910 346 1941 suos
361 1893 500 1959 perdiderat
516 1909 615 1952 cuneos,

96 1963 214 2012 Redditus
231 1981 244 2012 3
260 1965 347 2013 Poenis
364 1976 400 2013 est
415 1963 493 2013 factus
510 1964 591 2014 denuo
608 1964 703 2022 consul,

144 2035 237 2083 Consul
253 2047 310 2095 erat,
327 2036 427 2102 capitur,
445 2035 550 2094 solvitur
565 2048 589 2084 et
604 2035 633 2084 frt
648 2035 721 2084 idem.

95 2105 183 2154 Crasso
198 2106 298 2156 divitiae
314 2123 405 2156 nornen
421 2107 536 2157 dederant
551 2108 624 2155 nimis
640 2107 742 2173 amplae,

143 2177 177 2225 At
194 2177 293 2226 fortuna
308 2179 373 2244 fugit
388 2194 512 2245 prospera,
529 2178 588 2227 dura
605 2177 686 2238 subit;

95 2249 207 2297 Creditor
221 2249 286 2298 illius
303 2249 367 2298 bona
383 2250 495 2299 vendidit
510 2251 593 2298 omnia
608 2250 695 2316 vulgo,

143 2322 207 2369 Cum
221 2321 270 2369 iarn
285 2321 317 2369 sit
331 2336 423 2388 pauper
439 2322 555 2371 astruitur
575 2321 709 2388 locuplebs.

95 2392 185 2458 Caepio
200 2392 324 2458 pontificis
341 2394 430 2441 summi
446 2392 556 2442 sublimis
572 2394 675 2452 honore,
820 2417 837 2448 15

143 2464 262 2512 Praelatus
279 2465 372 2513 cunctis
389 2464 527 2513 flaminibus
542 2465 629 2523 fuerat,

95 2535 143 2583 Hic
157 2546 262 2601 praetor,
279 2536 405 2603 clarusque
421 2536 540 2602 triumphi
555 2535 669 2594 culmine,
686 2536 773 2584 consul

58 2688 76 2720 31
90 2676 183 2720 (bo).(cho)
195 2688 227 2710 ras.
240 2676 351 2721 iugurtham:
369 2678 380 2711 h
395 2684 474 2721 suprascr.
564 2689 581 2721 35
598 2678 690 2721 geminos:
703 2689 711 2711 s
724 2685 803 2721 suprascr.

23 2735 43 2768 37
56 2724 141 2758 Asculum
152 2727 168 2758 r'rr
182 2723 236 2759 Valer.
246 2725 301 2766 Max„
313 2736 339 2766 vt,
351 2737 368 2768 9,
380 2737 395 2768 9.
456 2737 476 2768 39
488 2733 549 2769 postea
562 2725 639 2769 parthis:
657 2727 673 2759 in
684 2737 716 2760 ras.
728 2725 750 2760 al.
762 2737 803 2760 mar.

23 2783 50 2813 to,
62 2782 73 2813 4
85 2780 107 2808 et.
