2068 3216
386 209 521 243 MIRACULA
538 209 556 243 S.
575 208 714 243 BENEDICTI

244 337 412 385 Exorcizatam
427 337 470 402 qui
486 336 610 386 metuebat
626 351 731 401 aquam余

195 407 316 457 Evomuit
331 407 410 457 fuscas
427 424 487 474 egro
503 420 551 456 tres
568 419 786 474 gutturemuscas,

243 480 365 528 Himnum
381 479 422 528 dat
437 479 501 547 patri
517 478 627 529 redditus
643 480 696 544 ipse
712 479 766 528 sibi.

194 550 295 599 Tercius
311 551 417 610 insanus,
434 552 478 617 qui
494 551 605 600 dicebare
622 551 747 611 Raculfus,

244 623 395 671 Constrictus
411 622 499 672 vinclis
515 622 615 672 affueras
631 622 727 682 validis,

194 694 294 743 Nobilis
312 712 336 743 es
352 705 419 753 natu,
435 695 504 762 cupis
521 711 606 743 omnes
622 693 724 760 perdere
740 711 833 754 morsu,

243 769 302 817 Post
318 782 409 832 paucos
426 767 489 816 soles
506 765 603 815 esttibi
620 783 685 815 cessa
702 767 779 832 quies.

195 837 255 887 Ritu
271 837 397 887 barbarico
413 850 545 905 properant
561 838 663 887 ductore
679 839 767 887 Bareto

244 910 314 960 Saevi
330 911 477 970 Normanni,
494 910 575 959 nescia
591 926 650 975 gens
666 909 763 970 lavacri,

195 982 315 1031 Caedibus
333 993 356 1030 et
372 980 462 1031 crebris
477 997 578 1047 pessum
594 981 652 1030 dant
668 993 755 1030 cuncta
771 982 870 1047 rapinis,

243 1054 382 1103 Floriacum
396 1065 500 1112 vastant,
516 1053 573 1119 igne
590 1064 704 1112 cremant,
722 1053 845 1119 spoliant余

194 1124 339 1174 Adveniunt
355 1125 445 1173 iterum
459 1126 549 1192 pagani
565 1124 608 1174 sed
623 1125 705 1173 minus
721 1125 813 1174 obsunt

243 1196 337 1246 Radant
353 1195 475 1261 relliquias
492 1197 556 1262 ignis
572 1208 600 1245 ut
616 1197 731 1262 exiguas余

194 1268 335 1335 Diffugiunt
350 1268 443 1327 fratres,
460 1268 567 1317 humeris
583 1268 658 1333 patris
675 1285 730 1317 ossa
745 1268 858 1328 ferentes,

243 1342 330 1389 Lustra
345 1339 545 1406 propinquorum
561 1340 632 1389 devia
647 1355 691 1405 per
707 1356 845 1388 nemorum.

195 1412 281 1471 Stulte,
299 1424 475 1463 sacramentum
491 1411 551 1461 dum
566 1410 661 1479 profers
677 1411 744 1477 inpie
759 1411 857 1470 falsum,
909 1426 941 1467 385

243 1484 305 1532 Mox
321 1495 418 1532 extensa
432 1500 518 1534 manus
535 1483 638 1548 diriguit
652 1484 767 1549 penitus3

194 1555 255 1604 Non
270 1556 362 1620 inpune
377 1555 413 1621 pii
428 1556 536 1622 periuras
552 1571 645 1605 nomen
660 1554 761 1614 alumni,

244 1626 291 1675 Sed
307 1627 426 1691 quoniam
439 1628 495 1694 pius
512 1638 548 1675 est
565 1626 625 1675 flexa
641 1626 686 1675 tibi
702 1643 788 1676 manus
805 1638 849 1675 est.

194 1698 297 1762 Insuper
312 1697 426 1748 affectum
441 1716 467 1747 se
483 1709 603 1747 monstrat
618 1697 707 1746 babere
723 1698 867 1763 benignum,

243 1769 320 1817 Ocius
337 1785 456 1819 aerunnae
472 1769 642 1819 subveniendo
658 1781 721 1827 tuae,

194 1841 260 1889 Nam
275 1839 321 1888 tibi
337 1841 449 1890 denarios
459 1858 529 1907 'quos
544 1840 684 1907 perdideras
701 1839 830 1890 duodenos

243 1911 367 1972 Reddidit,
384 1912 441 1961 hinc
457 1924 536 1979 grates
553 1912 662 1979 supplice
678 1924 759 1961 mente
775 1912 858 1961 refers.

195 1983 282 2031 Lactea
297 1984 406 2034 membra
421 1984 496 2050 patris
513 1984 643 2050 deportant
658 1983 797 2032 Aurelianis
885 1990 887 1995 '

243 2055 335 2103 Fratres
351 2056 476 2103 incursum
492 2057 571 2120 gentis
588 2055 621 2104 ob
637 2055 780 2114 assiduum余

194 2125 321 2191 Languida
336 2127 466 2175 contractis
483 2139 533 2175 erat
547 2127 598 2176 illic
613 2126 704 2177 femina
720 2127 791 2185 suris,

244 2198 311 2245 Haec
326 2197 361 2246 ibi
376 2210 503 2263 pernoctat
518 2198 584 2247 unde
600 2198 683 2247 valens
694 2211 798 2249 remeat.

194 2268 294 2317 Vimine
309 2285 367 2320 cum
383 2268 457 2318 densa
472 2281 611 2318 constructa
627 2269 713 2318 casella
729 2282 829 2336 genesta

243 2340 299 2405 Igni
315 2341 453 2407 corripitur,
470 2342 548 2406 surgit
563 2341 595 2390 acl
610 2342 658 2390 alta
674 2357 766 2406 rogus:

195 2410 318 2459 Festinant
333 2411 415 2460 avidas
432 2413 508 2461 vicini
524 2412 620 2462 demere
637 2414 754 2472 flammas,

245 2482 292 2531 Sed
307 2496 440 2548 nequeunt,
456 2495 551 2549 patrem
566 2485 592 2532 ni
607 2484 757 2533 lacrimando
774 2498 872 2533 vocent.
909 2507 944 2539 400

197 2552 324 2617 Stephane,
335 2570 379 2603 cur
389 2556 492 2620 cupidus
503 2556 592 2621 repetis
604 2555 673 2621 quod
683 2555 828 2604 vendideras
841 2573 881 2605 rus
898 2556 909 2604 ?

160 2721 192 2761 584
201 2722 234 2750 tota
242 2716 283 2752 linea
291 2720 308 2752 in
317 2730 349 2753 ras.
387 2731 417 2763 392
429 2720 469 2755 hinc
479 2731 537 2765 grates
549 2721 627 2767 supplice
637 2725 653 2756 in
664 2734 696 2756 ras.
