2068 3216
212 143 222 174 1
230 143 261 188 50

390 217 424 250 DE
440 216 646 251 Metronamrmus
663 202 705 249 VI.
723 217 739 261 4

208 343 347 403 «Audet»,
363 345 405 403 ait,
423 362 437 392 ‹<
447 345 466 393 si
483 345 537 411 quis
554 360 637 393 coram
653 344 752 393 recitare
769 355 853 393 senatu

257 415 337 463 Huius
354 416 391 464 ius
408 415 474 464 urbis
490 415 686 483 participandum
701 416 762 475 aliis,

208 486 312 535 Corruet
328 487 369 536 iiie
385 504 449 546 meo,
466 488 521 535 iuro
536 503 581 554 per
596 487 705 546 numina,
721 487 787 536 ferro
797 505 828 546 ›>;

258 558 296 606 Sic
311 570 409 624 patrum
424 559 503 607 vetuit
518 558 647 607 arbitrium
661 558 731 618 fieri;

208 630 252 677 Est
269 629 367 678 defensa
383 630 455 678 minis
472 629 552 689 huius,
568 631 644 696 patris
660 642 688 678 ut
703 630 770 697 prius
787 631 868 689 armis,

256 700 365 750 Libertas
380 701 448 750 urbis
464 703 551 768 iusque
566 713 684 767 negatum
698 701 760 750 aliis.

208 773 315 821 Manlius
331 772 537 822 utconsulfieret
553 785 623 838 rogat
639 774 691 839 ipse
707 785 810 833 senatus,

256 844 339 911 Atque
355 844 428 893 simul
443 844 560 911 populus,
576 845 615 893 vir
630 844 678 893 fuit
694 844 739 893 iste
754 846 864 910 probus;

209 916 314 964 Excusat
329 915 406 964 laesus
423 917 480 983 quia
496 916 527 964 sit
544 917 696 981 glaucomate
711 916 788 975 visus,

258 986 304 1036 Sed
320 987 381 1035 dum
395 988 537 1054 persistunt,
554 988 612 1036 haec
628 988 675 1036 sibi
690 988 765 1036 verba
781 988 864 1037 dedit:

209 1075 223 1104 ‹<
233 1059 391 1120 Quaerendus
408 1059 480 1108 vobis
497 1060 540 1126 qui
556 1059 643 1108 vestris
660 1059 770 1108 moribus
786 1059 857 1119 adsit,
920 1069 933 1106 f.
944 1070 967 1112 64

257 1131 327 1179 Esset
343 1131 409 1179 enim
424 1142 538 1179 nostrum
553 1131 638 1179 durius
654 1131 815 1197 imperium».

208 1201 305 1250 Servius
321 1219 349 1250 ac
364 1203 446 1251 Aurus
464 1203 518 1269 quis
535 1219 622 1251 eorum
637 1202 782 1268 dirigeretur

256 1274 354 1322 Certant
371 1285 491 1322 extremos
508 1274 595 1322 consul
610 1274 636 1321 in
653 1274 803 1340 Hesperios;

208 1344 280 1392 Curia
297 1344 416 1404 dissentit,
433 1345 493 1394 dum
509 1362 560 1394 non
576 1346 620 1394 uni
635 1344 701 1393 favet
716 1345 806 1404 omnis,

256 1416 391 1465 Emilianus
408 1417 468 1482 quid
485 1418 571 1465 sentiat
587 1416 643 1465 inde
659 1428 738 1482 rogat,

207 1488 356 1554 Respondet,
375 1500 512 1537 «neutrum
527 1488 659 1536 transmitti
674 1487 758 1536 iudico
774 1487 886 1553 dignum,

256 1559 306 1608 Uni
321 1560 356 1608 nil
373 1560 429 1608 satis
446 1571 489 1619 est,
506 1560 567 1608 aiter
582 1560 653 1626 inops
669 1560 742 1607 nimis
759 1570 795 1608 est
804 1576 835 1618 »3

208 1630 290 1679 Credit
306 1631 432 1680 avaritiam
447 1643 662 1698 paupertatemque
678 1630 804 1696 magistras

254 1702 358 1751 Iniustas
374 1703 440 1751 iusto
457 1703 495 1752 vir
511 1714 577 1751 catus
594 1702 706 1768 imperio,

207 1773 311 1822 Mittunt
326 1774 453 1822 Anthioco
470 1774 530 1822 dum
544 1784 624 1841 partes
640 1788 687 1840 pro
704 1772 843 1821 Tholomeo

255 1845 387 1910 Popilium,
404 1845 500 1913 taphnis
517 1851 556 1893 ne'
564 1856 648 1910 gravet
663 1843 807 1910 indigenas;

206 1915 345 1965 Anthiocus
362 1934 418 1965 caro
435 1916 544 1965 dextram
558 1916 667 1982 porrexit
683 1916 770 1975 amico,

255 1988 365 2037 Tendere
381 2005 440 2037 mox
455 1989 508 2053 regi
524 1988 604 2036 noluit
619 1987 661 2036 ille
677 2003 753 2046 suam,

205 2059 245 2108 1111
261 2060 402 2108 consultum
418 2060 460 2108 sed
475 2059 579 2126 protulit
594 2059 652 2107 ilico
667 2069 781 2124 patrum;

254 2132 306 2180 Rex
321 2132 355 2179 ait
370 2132 428 2179 hinc
443 2146 575 2196 procerum
591 2146 704 2197 quaerere
720 2130 868 2188 consilium;

207 2202 308 2270 Absque
324 2219 393 2251 mora
409 2202 477 2271 quod
492 2219 544 2250 non
560 2202 654 2250 dederit
669 2216 784 2267 responsa
799 2201 917 2259 tirannus,

255 2275 299 2323 Est
313 2274 453 2339 indignatus
469 2274 549 2340 opido
564 2273 682 2339 Popilius,

206 2346 393 2413 Percutiensque
410 2345 491 2394 solum
506 2346 577 2410 virga
594 2360 667 2411 quam
683 2355 788 2409 gesserat
803 2343 891 2410 inquit,
914 2354 915 2357 ’

255 2434 269 2463 «
278 2418 366 2465 Donec
382 2417 516 2465 consuletis
533 2417 590 2464 hinc
606 2432 655 2480 ego
670 2432 722 2463 non
738 2431 842 2463 moveor
851 2431 883 2473 »;

207 2488 317 2554 Spondet
333 2501 478 2554 questurum
493 2504 545 2536 non
561 2488 610 2535 iam
626 2487 656 2535 de
672 2504 697 2535 se
714 2485 880 2534 Tholomeum

253 2560 401 2619 Andriscus,
418 2560 527 2608 dextram
541 2559 648 2625 porrigit
663 2558 704 2606 ilie
721 2574 796 2606 suam.

151 2736 152 2739 ’
169 2737 190 2759 22
201 2726 301 2770 hesperios:
314 2726 326 2759 h
336 2732 415 2770 suprascr.
465 2725 485 2769 36
496 2723 586 2768 (o).(pid0)
597 2735 629 2758 ras.
