2068 3216
790 154 800 185 1
818 182 819 185 ,

315 224 350 256 on
365 222 574 257 Matronammaus
590 208 620 256 V.
639 225 652 270 7
807 154 834 200 3⁵

127 350 246 416 implorat
261 361 359 416 patrum
374 351 412 399 vir
428 366 530 416 magnae
546 349 680 399 nobilitatis

176 420 302 470 Adversus
319 434 403 470 natum
413 422 519 481 'Fulvius
535 422 669 481 auxilium;

128 493 232 558 Fugerat
248 493 293 541 iste
309 510 392 541 senem
407 494 507 547 molitus
523 493 624 559 perdere
639 505 741 561 patrem,
853 516 872 549 15

178 563 287 613 Publicat
302 565 406 613 obscura
422 566 465 631 qui
480 565 550 614 fovet
566 565 631 614 hunc
646 564 744 624 latebra,

126 635 161 684 At
177 647 245 702 pater
261 636 394 685 adductum
409 637 491 704 puniri
507 654 558 685 non
575 637 632 685 sinit
647 636 726 696 illum,

176 709 268 756 Rerum
283 720 341 774 post
357 708 454 756 obitum
470 708 512 757 sed
533 709 591 757 facit
613 708 678 757 hunc
700 708 837 757 dominum.

127 779 226 845 Perlege
242 780 365 828 mirandos
381 780 456 846 patris
473 780 589 831 mirabilis
605 791 680 839 actus,
816 827 817 835 ἶ

177 850 229 898 Etsi
245 867 304 900 mox
319 867 411 900 nomen
427 868 478 900 non
493 851 539 900 tibi
554 851 693 910 notificem;
716 848 718 850 ’
797 849 799 852 ’
852 875 874 898 20

127 922 229 971 Insidias
245 923 285 971 isti
301 934 356 972 toto
373 924 500 972 conamine
516 923 594 972 tendit

176 993 259 1054 Filius,
276 1005 300 1043 et
316 1006 422 1049 mortem
438 1008 518 1043 mente
533 995 629 1043 furente
645 994 696 1043 sitit
705 1013 715 1053 ;⁴

128 1066 162 1113 Ut
177 1077 246 1133 parer
261 1067 372 1132 agnovit,
388 1066 456 1115 dolet
471 1066 555 1115 anxius
572 1078 644 1134 atque
659 1065 757 1125 fatiscit,
778 1118 780 1121 ,

176 1137 277 1203 Ignorat
294 1138 354 1205 quid
370 1150 433 1203 agat,
449 1138 553 1204 prodere
569 1155 627 1186 cum
642 1148 750 1196 metuat3

127 1208 236 1258 Discutit
251 1225 354 1264 uxorem
369 1211 442 1258 trucis
457 1210 522 1258 illius
539 1210 688 1276 genitricem,
852 1232 871 1266 ις

177 1281 312 1329 Permulcet
328 1281 490 1330 multis-hanc
506 1298 605 1349 quoque
621 1281 753 1339 blanditiis,

128 1353 219 1401 Utrum
235 1353 368 1401 submissus
385 1353 416 1401 sit
432 1363 456 1400 et
472 1370 501 1401 ex
516 1353 565 1402 alio
581 1364 708 1418 generatus

178 1425 239 1472 Orat
254 1441 285 1473 ne
301 1425 384 1483 caelet,
401 1425 476 1478 donat
492 1434 516 1473 et
531 1425 597 1473 ultro
614 1424 708 1483 scelus3

131 1513 145 1542 ‹<
152 1497 371 1562 Numquamnatus
378 1496 539 1562 oditpatrem,
545 1513 597 1545 non
603 1507 639 1544 est
645 1512 714 1544 meus
721 1494 838 1562 »‚inquit,

178 1568 248 1630 Quae
263 1568 333 1627 iurat,
353 1580 444 1634 «pater
460 1584 484 1616 es
501 1579 577 1616 mater
593 1579 616 1616 et
632 1568 704 1616 huius
721 1583 769 1632 ego
778 1584 809 1625 »3
853 1591 874 1625 30

129 1638 247 1687 Credulus
263 1639 304 1687 ille
319 1639 403 1687 locum
417 1639 492 1706 peciit
509 1639 639 1687 solitudine
655 1650 759 1697 vastum,

177 1711 294 1758 Pertraxit
311 1727 393 1759 secum
409 1728 459 1778 quo
476 1710 747 1777 iuvenemreprobum,

128 1780 310 1839 Tradidithuic
324 1782 434 1848 gladium
448 1799 521 1849 quem
534 1793 602 1831 veste
615 1781 707 1831 ferebat
716 1792 838 1848 opertum,

176 1853 276 1918 Prebuit
292 1865 316 1901 et
331 1854 452 1919 iugulum,
469 1853 554 1921 puniat
570 1865 623 1901 orat
639 1869 711 1903 eum:

131 1926 215 1974 «Non
231 1940 294 1991 opus
311 1937 347 1973 est
362 1925 456 1974 latrone
471 1925 517 1974 tibi
533 1942 592 1984 non,
609 1936 672 1984 nate,
688 1941 784 1973 veneno
794 1941 817 1982 »,
853 1949 872 1983 35

176 1996 268 2062 Inquit,
287 2012 393 2045 «secure
409 2014 448 2045 me
464 2007 535 2063 potes
551 1997 689 2064 opprimere
699 2014 729 2054 >›;

129 2067 283 2116 Contremuit
299 2068 393 2117 iuvenis
411 2068 535 2134 sudorque
550 2084 594 2135 per
609 2085 664 2116 ossa
680 2068 794 2126 cucurrit,

177 2140 244 2187 Haec
260 2151 284 2187 et
300 2139 363 2188 dicta
379 2139 459 2198 refert,
480 2140 567 2199 «vive,
584 2139 689 2205 benigne
704 2150 780 2206 pater,

128 2209 193 2259 Vive
209 2227 285 2259 annos
301 2211 391 2277 plures,
408 2210 469 2259 mihi
485 2210 527 2260 fias
544 2227 589 2260 oro
606 2222 734 2278 superstes,

176 2283 229 2330 Iam
244 2298 296 2331 non
311 2294 339 2331 ut
355 2295 425 2332 natus
441 2283 502 2331 vivo
515 2283 561 2336 ,sed
577 2293 604 2330 ut
620 2282 759 2331 famulus».
853 2307 876 2339 40
