2068 3216
226 115 276 159 280

488 197 609 231 uprsrunn
620 183 657 232 111

221 325 325 375 Ludicra
338 325 405 374 nulla
420 341 518 391 gravem
532 336 644 391 poterant
658 325 797 375 subvertere
817 337 932 386 mentem,

269 396 375 447 Lusibus
391 396 517 446 addictum
531 413 583 445 non
597 397 681 464 potuit
696 397 826 458 theatrum,

221 469 282 518 Non
297 468 462 534 gladiatorum
476 468 593 535 pernovit
607 484 691 535 pugna
707 480 826 528 cruenta,¹

270 540 400 606 Perstrepit
415 551 514 589 extento
530 539 590 589 dum
604 540 712 607 populus
729 540 827 606 digito„

222 611 269 661 Sed
285 629 365 678 neque
380 610 497 661 comedus
513 611 612 661 diverso
628 624 732 661 scemate
747 612 836 672 cultus,

270 683 341 733 Tibia
357 683 490 733 dulcisonis
507 699 581 748 quem
596 695 692 733 resonat
707 683 824 745 modulis,

221 755 338 821 Lugubre
351 772 396 804 nee
409 770 514 815 carmen,
528 770 574 821 pro
588 771 689 805 munere
702 755 743 804 eui
756 755 827 805 datur
840 756 930 814 hircus,

269 826 357 876 Armat
372 827 440 893 quod
456 825 548 875 ferrum
563 826 631 875 virus
648 839 672 876 et
687 828 751 893 ignis
768 827 836 887 edax,

222 899 282 948 Non
297 898 449 948 diversarum
463 898 625 965 pulcherrima
640 899 705 947 lucta
720 898 834 960 ferarum,

270 971 347 1019 Ursus
364 987 421 1019 cum
435 970 514 1036 pardo
529 970 599 1036 tigris
615 985 721 1036 aperque
735 970 814 1030 ferox,

221 1043 282 1091 Non
296 1041 349 1090 ludi
365 1041 461 1109 speties‚
477 1059 530 1091 non
544 1057 626 1090 rerum
641 1042 708 1091 mille
724 1044 827 1103 colores,

269 1113 330 1163 Non
346 1113 403 1162 flavi
419 1113 506 1173 crines,
521 1130 574 1162 non
589 1114 673 1163 niveae
688 1112 779 1174 faeies;
932 1124 945 1159 f.
958 1135 991 1168 117

222 1185 349 1234 Facundus
365 1184 446 1234 verbis
461 1184 510 1233 fuit
525 1185 565 1233 hie
581 1185 624 1234 sed
639 1185 750 1234 moribus
766 1201 843 1252 asper,

270 1256 386 1305 Vestibus
401 1257 541 1325 incomptus
557 1268 629 1322 atque
645 1255 774 1324 capillicio,

222 1327 308 1377 Cultus
325 1339 462 1377 amatorum
477 1327 577 1394 sophiae
593 1328 636 1393 qui
651 1339 762 1395 tempore
777 1328 858 1394 prisco

271 1399 349 1449 Crinis
366 1399 476 1459 diffusus,
492 1399 566 1449 barba
580 1399 681 1465 profusa
696 1400 752 1450 fuit.

223 1471 304 1531 Haud,
321 1471 434 1538 Epicure,
450 1472 486 1520 tui
502 1472 619 1521 mendose
634 1472 741 1521 nominis
757 1471 835 1531 heres,

270 1542 462 1611 Amplectebaris
478 1543 596 1609 quicquid
611 1555 661 1592 erat
676 1543 776 1609 volupe,

223 1615 282 1663 Esse
297 1615 451 1680 voluptatem
467 1615 510 1681 qui
525 1615 601 1680 garris
618 1630 730 1681 spernere
745 1631 837 1664 vanum

220 1710 222 1714 ¹
269 1685 441 1751 illecebrisque
455 1685 505 1735 frui
519 1702 592 1752 posse
606 1687 775 1752 probabilius;

222 1758 317 1822 Deligis
334 1758 451 1807 asseculas
467 1770 508 1807 tua
524 1759 567 1823 qui
583 1770 721 1807 commenta
737 1769 875 1824 sequantur,

271 1830 371 1895 Quique
386 1830 540 1895 voluptatem
555 1830 689 1879 disseruere
704 1830 815 1888 bonum;

222 1902 275 1950 Nec
289 1902 390 1951 voluere
406 1901 500 1950 bonum
514 1902 591 1950 modo
604 1901 653 1950 dici
668 1902 710 1950 sed
724 1902 777 1949 fore
792 1918 925 1960 summum,

270 1975 352 2022 Preter
362 1990 415 2022 eam
422 1972 477 2021 fore
486 1973 522 2020 nil
530 1988 683 2038 proposuere
692 1972 787 2021 bonum
796 1991 803 2031 ;
821 2011 822 2014 ,

221 2045 288 2093 Hinc
302 2044 466 2111 praeceptoris
482 2060 574 2093 nomen
589 2060 698 2093 meruere
714 2060 835 2110 sequaces,

270 2117 336 2164 Huic
351 2133 365 2163 a
381 2116 500 2182 spurcicia
513 2131 650 2181 «porcus»
666 2127 716 2164 erat
731 2115 849 2181 positum,

221 2187 439 2236 Innumerabilium
454 2187 563 2252 sequitur
579 2203 653 2253 quem
667 2187 738 2236 turba
753 2188 873 2245 virorum,

269 2259 389 2307 Luxuriae
405 2258 531 2307 madidum
547 2259 590 2323 qui
606 2258 749 2324 gradiuntur
764 2258 818 2316 iter,

221 2330 413 2395 Absurdumque
428 2330 546 2379 recenseri
561 2342 610 2378 tres
627 2331 735 2396 quinque
750 2345 874 2386 novemve

223 2441 224 2444 ,
270 2402 372 2462 Censeo,
389 2401 488 2450 decedat
504 2401 575 2466 copia
591 2418 648 2450 cum
663 2416 801 2450 numerum.

222 2474 284 2522 Ecce
299 2484 380 2522 tamen
396 2473 482 2521 recolit
498 2490 566 2521 mens
581 2473 673 2521 lubrica
691 2471 844 2537 Sardanapali

269 2546 350 2594 Luxus
367 2556 391 2592 et
406 2544 508 2593 veneris
518 2545 628 2610 lampada
644 2545 805 2610 sulphureae3

963 940 972 974 l

185 2675 216 2708 397
228 2662 415 2705 (scemate).(eul).(tus)
424 2674 457 2696 ras.
505 2673 537 2704 402
547 2662 596 2706 tigris
605 2674 680 2707 aperque
695 2662 745 2697 ferox
759 2664 776 2697 ia
791 2673 824 2697 ras.

150 2722 182 2754 422
195 2711 297 2754 (dudunt)
308 2713 323 2745 in
335 2722 367 2745 rar.
