2068 3216
186 127 235 175 216
265 214 299 248 ou
315 215 521 250 Mauounmmaus
537 202 604 250 VIII.
628 219 657 265 17
676 230 686 238 -
705 203 772 251 VIII.
792 207 818 250 18

185 342 285 392 Nomen
302 344 411 410 sacrilegi
427 354 535 393 statuunt
550 344 616 394 cives
632 344 734 405 aboleri,

234 414 321 465 Pandis
337 415 363 464 id
378 415 495 475 historiis,
512 433 529 464 o
545 415 715 489 Theopompo,
731 417 789 471 tuis.

216 552 304 611 QUAE
321 554 494 599 PRAECIPUA
514 555 633 613 CUIQUE
648 517 868 602 CONTIGERINT

525 660 552 702 18

186 762 252 813 Infra
267 761 391 826 legitimos
407 760 434 809 fit
449 761 537 809 consul
552 762 671 811 maximus
687 778 764 812 annos

236 833 326 900 Scipio,
342 833 383 881 cui
398 849 489 881 nomen
504 831 588 881 Africa
603 834 668 883 victa
684 833 768 894 dedit;

186 904 319 970 Indulgent
334 916 413 971 patres
429 904 491 971 petit
506 903 555 953 hoc
570 905 687 954 exercitus
703 906 792 967 omnis,

237 976 312 1042 Cogit
327 987 351 1024 et
366 975 392 1025 id
407 974 460 1024 fieri
475 976 593 1043 temporis
609 977 731 1036 anxietas;

188 1048 269 1097 Huius
285 1046 358 1096 habet
374 1058 477 1096 statuam
493 1047 625 1115 Capitolini
640 1048 707 1098 Iovis
716 1048 802 1117 aedes,

237 1119 310 1167 Curia
324 1134 384 1168 vero
401 1130 468 1167 tuam
483 1119 601 1179 continet,
616 1119 680 1169 alme
696 1120 764 1170 Cato

188 1191 251 1240 Mox
265 1191 349 1240 aedilis
366 1190 445 1243 adhuc
460 1191 547 1239 consul
562 1190 633 1239 datur
648 1192 807 1253 Aemilianus,

235 1261 320 1311 Africa
336 1279 385 1328 quo
401 1261 466 1311 facto
482 1262 583 1311 consule
599 1262 718 1330 deperiit;

189 1333 337 1399 Suffragator
352 1333 403 1382 adit
418 1348 533 1400 campum
547 1334 640 1401 probus
656 1335 708 1401 ipse
723 1336 829 1402 nepotis,

236 1406 356 1454 Processit
372 1405 466 1463 consul,
483 1417 536 1453 orat
551 1406 589 1453 uti
604 1406 699 1465 Fabius,

190 1478 241 1540 Qui
257 1477 308 1525 sine
322 1488 387 1525 sorte
401 1476 483 1526 vafros
497 1477 582 1543 privus
597 1488 634 1526 est
647 1477 752 1526 directus
767 1477 798 1527 ad
811 1478 896 1539 Afros,

237 1549 302 1597 Hinc
318 1560 342 1597 et
357 1548 387 1596 ad
403 1547 520 1596 occiduos
536 1549 642 1597 mittitur
657 1549 797 1614 Hesperios.

188 1621 283 1686 Pugnat
299 1637 356 1668 cum
371 1619 444 1669 Gallo
459 1618 531 1668 fortis
547 1620 649 1669 Valerus
664 1620 783 1681 violento,

237 1692 332 1740 Corvus
347 1706 506 1758 propugnans
522 1692 650 1741 auxiliatur
665 1692 695 1751 el,

189 1764 248 1812 Eius
264 1763 392 1829 posteritas
408 1770 444 1812 est
459 1762 516 1811 hinc
533 1763 648 1813 Corvinia
664 1763 735 1823 dicta,

236 1834 323 1883 Annos
340 1834 400 1883 dum
415 1834 505 1900 qumos
520 1835 609 1883 consul
624 1834 696 1884 habet
712 1846 796 1901 quater
812 1847 855 1885 est.

188 1906 267 1955 Marte
283 1906 448 1955 Numantinos
465 1905 557 1971 subigit
572 1906 633 1955 dum
649 1906 730 1973 Scipio
747 1906 818 1967 duro,

236 1978 283 2026 Pro
300 1977 418 2027 donativo
434 1977 522 2026 militat
537 1976 595 2026 huic
610 1977 720 2037 Marius3

189 2048 271 2116 Scipio
288 2048 348 2097 dum
363 2065 467 2097 coenans
484 2063 557 2115 super
571 2050 654 2117 ipsum
667 2048 733 2098 forte
748 2049 854 2109 cubaret,

235 2118 319 2185 Inquit
335 2120 358 2169 ei
374 2120 481 2187 quidam,
498 2120 569 2180 «dic,
584 2135 679 2188 precor,
694 2121 777 2169 inclite
792 2121 850 2181 dux,
895 2129 954 2176 t91v

187 2191 290 2240 Accidat
305 2191 411 2240 infausto
428 2191 488 2258 quid
503 2191 583 2241 acerbi
599 2192 619 2241 si
634 2192 680 2242 tibi
694 2191 754 2252 fato,

182 2279 184 2283 ’
235 2264 265 2311 In
281 2279 331 2328 quo
348 2264 460 2312 Romano
477 2277 531 2329 spes
548 2263 594 2311 erit
608 2263 712 2331 imperio
729 2264 763 2312 ?»

188 2334 323 2399 Respitiens
340 2335 447 2383 Marium
462 2333 512 2383 dux
528 2335 609 2401 Scipio
625 2335 694 2394 dixit,
711 2336 759 2383 «in
774 2336 880 2395 istum»,

235 2405 304 2455 Illius
319 2406 454 2471 ingenuum
468 2406 612 2473 perspitiens
629 2407 744 2466 animum,

187 2477 299 2526 Delesset
315 2477 427 2526 Cimbros
443 2478 486 2543 qui
502 2477 563 2526 dum
576 2477 671 2527 feritate
688 2477 813 2545 superbos,

236 2547 329 2597 Urbem
343 2549 392 2597 iam
408 2564 461 2597 sero
477 2549 577 2597 nuntius
593 2549 736 2615 ingreditur,

187 2619 284 2668 Libavit
300 2621 388 2668 mensis
405 2619 450 2668 sibi
466 2620 524 2668 totis
541 2622 619 2669 Roma
634 2621 703 2670 velut
718 2620 773 2680 diis,

152 2736 180 2767 17,
195 2737 215 2768 52
225 2725 313 2760 historiis:
324 2726 336 2759 b
346 2732 424 2770 suprascr.
