2068 3216
369 233 503 268 MIRACULA
520 233 537 267 S.
555 232 695 267 BENEDICTI

178 365 279 414 Murum
295 363 390 422 deiecit,
406 362 521 411 iuvenem
537 373 644 410 sternens
661 361 782 421 laceravit,
891 384 922 417 ιι,

226 435 316 484 Reddit
329 434 411 485 dando
423 450 522 500 precem
534 450 608 499 quem
629 445 698 499 pater
712 433 869 483 incolomem.

178 506 244 557 Cella
260 506 383 574 progressi
399 506 500 555 redeunt
515 505 565 554 iam
580 521 635 553 sero
650 504 733 565 cibari,

225 578 304 629 Ieiuni
320 578 414 645 quaerit
429 594 491 627 anne
506 576 588 626 forent
604 577 695 637 saturi;

178 648 318 701 inficiantur
334 667 358 699 se
374 649 454 699 victus
470 648 563 715 aliquid
578 649 695 715 tetigisse,

226 724 358 787 Computat
374 737 434 787 ergo
450 732 518 787 pater
532 720 624 770 fercula
640 738 682 770 seu
699 720 792 770 calices.
891 746 924 768 ιω

178 795 238 844 Non
254 794 310 843 satis
326 804 425 842 ornatus
441 803 466 840 re
481 792 564 852 caelat,
581 793 655 859 Rigo,
672 792 784 853 decorus,

226 865 302 932 Regia
318 881 363 914 nec
378 864 453 914 vestis
468 875 493 913 te
509 864 555 914 sibi
571 862 709 930 subripuit3

179 937 256 997 «Fili,
267 953 340 1003 pone,
352 947 408 985 tuus
420 951 471 984 non
482 947 518 985 est
526 954 549 995 ›>‚
566 935 607 994 ait,
625 953 639 983 «
647 935 687 985 hic
698 936 756 1002 quia
767 937 869 986 cultus»
881 957 887 988 ε

227 1008 313 1058 Terrae
328 1006 479 1074 procumbis,
495 1008 543 1057 hoc
559 1007 678 1073 sapienter
693 1008 753 1074 agis.

178 1081 233 1146 Ipse
248 1092 301 1129 tuas
317 1078 413 1129 fraudes
429 1078 542 1139 detectas,
559 1079 649 1139 Totila,
666 1080 765 1145 gaudes,
889 1103 921 1136 ης

227 1152 327 1200 Corruis
343 1161 398 1200 ante
413 1150 495 1216 pedes,
512 1162 536 1200 te
551 1151 615 1200 levat
630 1151 696 1200 unde
712 1168 793 1212 sacer;

179 1223 297 1272 Praedicit
311 1221 394 1289 paucis
411 1239 472 1288 quae
489 1222 537 1271 sint
552 1222 597 1271 tibi
612 1222 723 1288 proxima
739 1224 820 1273 verbis

227 1294 314 1343 Annos
331 1306 393 1360 quot
408 1294 486 1353 vivas,
503 1294 571 1360 quod
582 1310 652 1343 mare
668 1307 816 1360 praeteream

181 1366 303 1416 Strenuus*
312 1365 439 1415 aecclesiae
455 1365 552 1431 dequo
568 1366 671 1431 praesul
681 1367 815 1416 Canusinae

227 1438 291 1487 Patri
307 1437 341 1487 sic
355 1437 472 1503 loquitur,
490 1455 504 1485 «
513 1439 591 1486 Roma
607 1453 650 1503 per
659 1438 724 1486 hunc
740 1440 870 1504 quatitur»
881 1459 924 1499 31³0

180 1509 226 1557 Cui
236 1524 308 1569 sacer,
326 1528 340 1557 «
349 1509 414 1559 haud
423 1509 499 1558 celsae
508 1509 586 1576 quatit
595 1508 672 1558 hostis
681 1511 778 1559 moenia
788 1513 888 1571 Romae,

221 1580 337 1641 Turbine,
353 1581 498 1630 fulminibus
514 1597 600 1648 quassa
616 1592 687 1630 ruent
701 1583 820 1647 pocius».

179 1652 286 1702 Clericus
298 1671 333 1702 ex
348 1665 409 1702 voto
425 1664 544 1718 purgatur
559 1652 664 1701 demone
679 1664 751 1713 terro,

228 1724 275 1774 Sed
291 1740 357 1774 sacer
372 1724 430 1774 huic
445 1723 508 1773 ordo
524 1724 620 1773 tollitur
634 1736 707 1792 arque
723 1742 788 1785 caro,

180 1796 366 1862 Transgreditur
374 1797 480 1845 vetitum
488 1796 610 1860 sumitque
618 1796 721 1861 gradum
729 1797 776 1846 sibi
785 1813 922 1857 sacrum‚135

229 1868 311 1930 Quem
326 1868 404 1917 malus
420 1866 522 1926 invadit,
538 1867 649 1933 nequiter
664 1868 789 1918 interimit.

179 1939 248 1988 Dum
264 1940 370 2005 graviter
386 1940 484 1988 flentem
499 1939 585 1998 cernis,
602 1939 740 2005 Teoprobe,
756 1951 858 2006 patrem,

229 2011 331 2073 Quaeris
347 2027 391 2060 cur
406 2010 478 2059 tantis
494 2025 537 2058 ora
552 2010 615 2075 riget
630 2010 750 2070 lacrimis3

179 2082 278 2131 Audisti
293 2083 380 2132 cellam
395 2082 489 2131 Cassini
505 2081 675 2148 deperiturarn‚

228 2154 260 2202 Er
277 2154 325 2202 sibi
340 2170 465 2203 concessas
482 2169 581 2202 munere
596 2154 639 2202 vix
653 2155 752 2203 animas.
891 2176 924 2208 140

180 2225 325 2285 Exhilarate
341 2224 401 2285 redi,
417 2224 469 2274 duo
485 2224 553 2274 defer
568 2226 664 2274 vascula
680 2226 740 2286 vini,

229 2297 279 2345 Cur
295 2313 374 2345 unum
389 2297 478 2345 retines
495 2297 506 2345 ?
522 2297 570 2345 hoc
584 2308 652 2362 pater
667 2298 719 2363 ipse
734 2297 819 2357 videt3

180 2368 308 2434 Conspicis
325 2369 472 2418 absconsum
487 2368 547 2417 dum
562 2384 605 2416 vas
621 2368 721 2417 intrasse
737 2369 876 2429 colubrum,

228 2439 352 2507 Agnoscis
370 2451 479 2489 sanctum
494 2455 546 2487 non
561 2439 658 2489 latuisse
673 2441 763 2491 virum.

182 2511 287 2560 Exhibet
302 2511 449 2577 obsequium
465 2510 560 2560 iuuenis
577 2511 619 2560 sed
634 2527 677 2560 cor
693 2523 771 2561 tumet
786 2512 871 2572 altum,
893 2535 924 2568 145

229 2584 324 2632 Lumen
340 2582 412 2631 habet
427 2582 547 2640 manibus,
563 2582 658 2632 nubilat
674 2584 792 2643 interius;

145 2748 176 2791 136
188 2748 289 2792 (invalidir)
301 2760 340 2791 ran,
347 2760 357 2782 a
364 2755 443 2792 suprascr.
