2068 3216
306 200 341 233 on
356 198 563 233 Mauonnmmnus
578 183 621 233 ΠΙ.
641 191 653 233 8

127 328 215 376 Cannis
232 328 323 376 attritas
339 327 409 376 Italas
426 327 458 376 ita
475 327 574 376 ‘roborat
587 328 646 388 aias,
684 357 685 361 =
745 355 747 358 ·

175 401 234 449 Non
245 400 370 467 ”quoniam
384 399 457 447 bellat
473 398 515 447 sed
532 399 588 466 quia
604 399 740 449 dissimulat
749 419 756 461 ;
780 425 781 428 ¹

126 471 224 520 Fortior
240 471 310 520 hoste
327 487 379 519 suo
388 470 416 522 fit
431 485 510 537 pauco
527 482 637 538 tempore
652 472 729 538 lapso,

175 542 264 592 Acrior
279 543 321 602 ira,
338 557 389 609 spe,
405 558 450 591 nec
466 542 549 591 minor
563 544 683 610 imperio:

128 614 209 681 Scipio
225 613 368 681 pugnando,
385 613 472 664 Fabius
488 615 631 664 cunctando
642 616 724 664 ruinas
836 628 849 664 f.
862 625 883 672 36

176 686 248 735 Urbis
265 684 382 744 defendit,
398 694 501 752 magnus
517 698 619 753 uterque
635 686 690 736 fuit.

128 757 226 806 Plebem
241 756 364 806 blanditiis
380 757 426 806 sibi
442 758 516 807 nectit
531 758 670 824 pernitiosis

175 829 311 895 Peliganus‚
328 829 432 879 nimium
448 829 577 879 seditiosus
594 830 687 889 homo;

128 901 272 967 Praecipuos
290 900 336 949 sibi
350 901 419 967 plebs
436 901 560 955 affectabat
576 901 632 950 dare
647 901 731 963 fasces,

176 973 210 1022 Ut
227 974 260 1021 sit
273 973 419 1039 Tarquinius
435 980 477 1021 aut
493 974 577 1022 Numa
591 973 742 1039 Pompilius3

129 1045 181 1092 Hac
197 1045 223 1092 in
239 1061 264 1094 re
280 1046 357 1102 sotios
374 1044 503 1093 assciverat
518 1045 570 1112 ipsa
586 1045 699 1093 tribunos
772 1048 773 1051 ’

176 1115 217 1164 Ad
233 1116 298 1165 bona
314 1115 432 1176 difficiles,
448 1116 479 1165 ad
495 1116 557 1165 mala
572 1116 731 1183 praecipites}
747 1144 749 1148 v

129 1188 162 1236 Ut
179 1187 225 1237 sibi
241 1189 356 1237 Pisonem
370 1187 449 1237 faveat
458 1188 556 1253 petiere
570 1199 705 1255 potentem,

178 1259 229 1323 Qui
245 1275 347 1308 renuens
363 1260 451 1327 inquit,
469 1258 602 1309 «funditus
618 1276 669 1308 esse
685 1260 778 1327 nequit,
813 1261 824 1275 ’“
882 1309 884 1312 .

129 1331 189 1379 Non
204 1347 290 1382 rerum,
301 1330 412 1380 dominis
424 1330 591 1397 dominabitur
606 1331 665 1380 haec
679 1330 730 1380 fera
744 1332 828 1398 pestis,

177 1402 284 1469 Dignior
301 1403 375 1451 exitio
392 1419 469 1470 quam
481 1402 549 1467 ducis
565 1399 669 1470 imperio
678 1398 711 1463 »ζ

132 1492 146 1521 ‹<
156 1474 181 1523 Si
196 1474 293 1523 dabitur
302 1491 327 1534 a,
335 1474 404 1541 plebs
413 1474 493 1541 inquit
501 1474 531 1534 ei,
541 1491 555 1521 «
564 1474 611 1534 dic,
621 1490 682 1523 anne
689 1474 801 1523 favebis?
811 1492 825 1523 »

177 1545 242 1605 Infit,
260 1564 274 1594 ‹<
283 1562 334 1594 non
350 1546 422 1595 faveo
439 1546 481 1594 sed
497 1546 579 1611 magis
591 1563 643 1594 esse
658 1558 740 1595 veto»
751 1564 764 1605 ;¹

130 1618 186 1666 Hoc
202 1630 252 1666 tarn
268 1617 358 1683 grande
374 1618 451 1667 scelus
467 1617 594 1684 propulsat
610 1618 666 1678 Piso
683 1618 722 1666 vir
736 1634 808 1676 unuS,

178 1688 262 1756 Opido
279 1689 388 1738 soliicitis
404 1688 529 1741 nobilibus
545 1689 657 1756 reliquis.'

131 1760 195 1809 Cum
211 1761 332 1809 Saturnini
348 1777 385 1810 res
400 1760 499 1828 publica
514 1760 673 1809 totatribuni

179 1831 287 1880 Turbine
302 1831 401 1881 funesto
416 1847 493 1899 paene
509 1832 695 1892 labans‘rueret,

131 1903 181 1964 Qui
197 1903 317 1952 Numidas
334 1905 397 1953 duro
413 1904 545 1970 prostravit
562 1903 640 1952 Marte
656 1904 770 1952 Metellus

179 1975 238 2023 Eius
255 1990 329 2042 quam
343 1976 424 2040 legem
439 1974 524 2040 deligit
540 1975 648 2024 exilium
731 1983 732 1986 ’
793 1983 794 1986 ’

131 2045 188 2095 Silia
203 2046 280 2106 ferox,
297 2047 389 2096 cunctis
404 2046 553 2113 proturbatis
569 2047 682 2106 inimicis,
696 2071 697 2074 ¹

179 2118 295 2167 Obtinuit
310 2120 416 2167 Romam
431 2118 527 2167 fletibus
542 2119 676 2187 irriguam⁴
760 2118 767 2123 ”

130 2189 266 2238 iudicetur
283 2189 391 2239 Marium
405 2191 473 2256 cogit
489 2190 626 2238 minitando
642 2190 752 2239 senatum

179 2263 285 2310 Hostem
300 2263 447 2326 Romanum,
463 2272 537 2310 nemo
553 2260 627 2309 refert
643 2261 689 2310 sibi
705 2278 773 2321 n0n;

131 2333 237 2382 Pandere
254 2333 322 2400 quod
338 2333 411 2382 sentit
427 2333 548 2398 quaesitus
566 2333 666 2381 Scevoia
683 2333 782 2397 spernit,

179 2405 213 2453 At
229 2404 289 2453 dum
306 2405 362 2453 Silia
377 2404 439 2453 feras
456 2404 550 2453 evomit
565 2420 608 2453 ore
624 2404 709 2463 minas,

36 2487 57 2530 65
130 2476 174 2525 iile
190 2475 231 2536 ait,
248 2484 372 2525 «armatas
388 2476 444 2525 iicet
460 2476 606 2525 ostentando
623 2479 729 2524 catervas

179 2550 221 2596 Me
237 2559 325 2596 terrere
340 2563 418 2614 pares,
434 2548 469 2596 nii
485 2558 566 2596 tamen
582 2546 683 2596 effities:

94 2725 113 2758 35
126 2714 204 2756 C(annis)
213 2715 242 2748 vix
250 2712 280 2756 legi
285 2718 343 2757 polest.
378 2713 455 2746 attritas:
468 2721 475 2745 t
485 2719 563 2757 sigurascr.
612 2712 635 2757 ⁶3·
644 2712 720 2756 spernit:
733 2709 827 2748 sarman.
