2068 3216
191 135 241 182 234
309 208 343 240 na
359 206 565 240 Menonasrmaos
581 191 626 240 IX.
646 195 657 237 8
674 217 685 226 ·
700 190 745 239 IX.
762 208 781 255 9Ἰ

190 335 271 384 Classe
288 334 437 401 gubernator
452 335 518 382 iusto
534 332 701 382 moderamine
718 334 790 383 ducta

237 407 353 455 Flectitur
367 405 496 454 Annibalis
512 405 616 473 imperio
632 405 718 472 capite,
902 418 960 469 f.9rv

94 499 114 531 25
190 478 292 527 Solvens
308 495 321 526 a
337 477 437 526 tumulis
455 477 497 544 qui
512 477 641 542 navigium
656 477 773 537 Petilinis,

237 548 313 598 Afros
330 549 420 598 directa
436 548 514 597 tendit
529 548 596 597 adire
611 548 669 608 via3

187 621 293 670 Credens
309 621 404 670 Italiam
422 621 504 689 spatiis
514 620 636 669 ¹absistere
651 620 734 669 multis

236 692 353 742 Aestibus
369 711 383 741 a
400 693 494 752 Siculis,
512 703 648 751 «rector»,
664 692 705 751 ait,
723 692 836 742 «ratium

188 764 258 813 Auro
275 776 404 832 corruptus
421 764 539 814 Romanis
555 762 668 813 vendidit
683 762 759 813 Afros
768 782 801 823 >›;

238 836 341 885 Telluris
358 836 459 885 demum
473 836 644 903 perspiciendo
661 835 742 895 situm,

189 908 387 974 Condempnasse
403 908 486 957 virum
502 906 657 975 reprehendit
674 924 699 956 se
715 907 777 956 male
793 908 901 958 iustumt

236 981 266 1029 In
282 980 354 1028 maris
370 991 476 1045 angusto
492 978 610 1046 praecipit
625 978 691 1027 unde
706 978 771 1028 freto

188 1051 312 1100 Constitui
329 1063 433 1100 statuam
447 1062 534 1100 nautae
551 1050 596 1099 sub
613 1050 714 1099 nomine
730 1050 858 1117 sculptam,

236 1123 320 1171 Litore
336 1123 367 1172 de
383 1124 483 1188 gemino
499 1123 607 1171 cernitur
622 1123 681 1171 haec
698 1121 788 1171 Siculo.

188 1194 377 1260 Condempnant
393 1206 483 1244 temere
499 1193 576 1243 denos
592 1193 691 1242 virtutis
707 1194 818 1243 Athenae

237 1267 357 1331 Expertae
371 1281 484 1332 proceres
501 1265 720 1331 magnanimosque
736 1265 828 1325 duces;

188 1337 279 1386 Sevitia
294 1338 366 1404 ponti
381 1349 507 1405 nequeunt
523 1338 580 1403 quia
595 1353 663 1385 caesa
680 1353 782 1385 suorum

237 1409 341 1458 Tradere
357 1410 438 1458 telluri
453 1424 565 1474 corpora,
582 1407 723 1475 depereunt.

450 1551 494 1594 DE
510 1551 637 1594 ERRORE

533 1679 547 1726 9

187 1769 331 1835 Discerptus
347 1768 435 1836 populi
451 1767 562 1816 manibus
578 1768 642 1833 perit
658 1768 763 1818 Helvius
779 1769 862 1818 insons

237 1840 343 1889 Caesaris
360 1857 374 1888 a
390 1856 459 1889 sacro
475 1840 553 1888 Cinna
569 1855 632 1905 rogo
649 1839 761 1899 rediens;

186 1912 303 1960 Insanum
318 1912 408 1977 vulgus
424 1912 504 1960 iaculo
521 1910 598 1960 fixum
613 1923 686 1978 caput
702 1912 753 1960 eius

235 1984 357 2050 Deportat
372 1984 435 2031 circa
451 1981 612 2032 vociferando
628 1998 734 2048 rogum;

188 2055 279 2103 Cinnae
296 2055 404 2104 Cornelii
420 2071 445 2104 se
460 2053 529 2122 plebs
546 2070 647 2103 erronea
662 2055 739 2104 credit

235 2126 376 2175 Abscidisse
392 2138 473 2191 caput,
490 2126 597 2175 Caesaris
613 2126 665 2174 ulta
680 2142 773 2185 necem,

188 2197 247 2261 Qui,
263 2198 459 2264 consanguineus
475 2213 533 2246 curn
549 2198 655 2246 Caesaris
674 2209 744 2258 esset,
760 2198 786 2246 in
802 2199 853 2247 eius

237 2270 366 2319 Consensit
382 2269 436 2318 diro
452 2268 560 2336 perfidus
576 2269 660 2328 exitio,

188 2343 256 2407 Ergo
272 2358 364 2391 nornen
379 2341 446 2390 idem
461 2341 584 2408 populum
599 2340 696 2407 decepit
711 2352 827 2400 atrocem,

235 2413 286 2462 Illis
302 2413 422 2462 ambobus
440 2413 517 2462 Cinna
533 2428 653 2462 vocamen
668 2423 726 2462 erat.

187 2485 283 2534 Cassius
299 2484 325 2532 in
340 2499 440 2552 campos
458 2483 590 2533 Thineium
604 2495 678 2532 nocte
694 2483 820 2551 Philippos

235 2556 328 2621 Dirigit
344 2574 357 2605 e
373 2557 456 2604 castris
471 2555 643 2623 praecipiendo
660 2555 709 2604 suis

187 2628 299 2687 Nuntiet,
315 2644 347 2675 an
363 2627 432 2675 Bruti
448 2628 496 2676 sint
512 2628 606 2693 integra
622 2638 698 2675 castra
714 2626 821 2677 sodalis:

235 2700 294 2748 Nox
310 2711 360 2748 erat
376 2711 399 2748 et
415 2710 470 2747 toto
487 2698 565 2748 sidera
580 2699 648 2747 nulla
663 2698 741 2764 pol0;
