2068 3216
280 208 281 212 =
328 198 363 231 DE
379 195 587 230 unuouauntuus
602 181 646 230 111.
665 198 678 229 2

149 326 187 373 Ex
203 340 262 373 auro
278 325 362 377 rutilas
379 324 504 391 gestabant
520 336 579 373 octo
596 339 706 384 coronas,

198 396 238 444 Bis
256 407 349 461 septem
365 412 467 462 quernas
484 396 575 461 sospite
591 396 645 445 ciue
662 395 736 456 datas,

149 468 255 517 Murales
271 479 327 527 tres,
345 467 504 516 obsidionalis
519 467 568 516 fuit
583 484 639 527 una,

198 539 261 587 Cum
277 551 375 588 centum
390 551 490 604 torques
506 550 566 587 octo
582 539 654 587 simul
671 538 758 599 decies,

148 610 270 661 Armillae
281 627 342 660 vero
357 609 483 677 fulgebant
498 611 574 659 uicies
590 622 657 670 octo,

197 683 292 733 Hastae,
303 699 360 731 cum
375 682 451 748 signis
468 693 526 731 octo
543 682 676 748 decemque
692 683 750 742 suis,

150 753 229 803 Taelis
246 754 349 820 repletae
365 754 455 819 viginti
471 754 580 820 quinque
595 753 728 819 pharetrae,

199 827 348 874 Ornamenta
364 826 436 874 nimis
453 825 529 874 multa
544 825 667 890 nimisque
683 825 755 875 bona.

150 898 263 947 Occurrit
279 898 331 962 regi
348 898 431 946 sollers
447 898 473 944 in
489 897 551 949 bella
567 897 647 945 ruenti

198 968 319 1018 Leonidas
329 970 412 1018 ¹Xerxi
428 968 478 1017 dux
493 968 701 1026 Lacedemonius:

150 1042 218 1090 quta
236 1040 405 1106 Termophilas
421 1041 475 1089 loca
491 1056 552 1106 quae
568 1039 637 1090 vafer
652 1051 707 1089 ante
722 1050 818 1090 notarat

199 1113 329 1177 Oportuna
346 1112 402 1161 satis
418 1123 522 1194 occupat
537 1111 640 1171 insidiis,
692 1163 694 1167 Α

151 1184 214 1232 Cum
229 1195 266 1232 ter
282 1195 385 1232 centeno
402 1199 476 1251 quem
491 1182 545 1232 cive
561 1194 653 1231 coartat
668 1184 694 1231 in
710 1194 771 1243 arto,

200 1256 233 1304 Ut
250 1255 387 1321 desperaret
402 1270 475 1320 posse
491 1254 569 1303 redire
585 1254 705 1314 domum;

150 1326 218 1375 Idem
234 1325 335 1391 perfidia
350 1326 505 1391 pulsusloca
521 1325 610 1375 deserit
625 1339 683 1385 arta,
722 1360 724 1366 ι

199 1397 270 1446 Unde
286 1397 332 1445 sibi
348 1399 436 1446 iunctis
452 1397 543 1446 auxilio
559 1398 658 1447 retulit:

154 1487 167 1517 «
176 1471 219 1528 lte,
236 1469 293 1527 viri,
309 1469 410 1518 meliora
427 1470 495 1536 sequi
511 1469 570 1521 dent
585 1470 668 1517 omina
684 1468 736 1518 divi
747 1470 777 1518 1»

200 1541 262 1603 Quis
279 1557 292 1588 a
308 1557 332 1589 se
349 1540 428 1590 missis
445 1541 554 1606 suggerit
570 1541 614 1589 ista
630 1541 688 1600 suis,

152 1630 165 1659 «
175 1613 213 1660 En
228 1611 353 1678 prandete,
369 1612 412 1660 citi
428 1629 504 1660 coena
519 1628 577 1661 cum
592 1612 651 1661 Dite
666 1611 743 1661 futuri
754 1613 759 1661 1
770 1631 784 1660 ›>

135 1707 137 1710 ·
200 1683 251 1746 Qui
267 1683 365 1749 capiunt
380 1684 502 1749 promptis
518 1699 584 1738 arma
599 1684 737 1751 caduntque
753 1684 847 1738 animis.
898 1705 899 1709 ¹

151 1754 254 1804 Thaebis
272 1754 322 1803 dux
336 1766 444 1820 praeerat
460 1754 608 1804 fortissimus
625 1755 815 1821 Epaminundas‚

199 1826 323 1874 Contrivit
337 1826 431 1892 primus
448 1827 491 1893 qui
506 1826 706 1887 Lacedemonios

150 1898 261 1947 Fudisset
277 1896 347 1946 bellis
362 1898 418 1947 illos
435 1897 495 1946 dum
511 1914 581 1965 saepe
597 1898 717 1958 secundis,

200 1970 275 2018 Hasta
289 1969 402 2018 traiectus
419 1969 509 2024 flebilis
522 1966 646 2029 occubuit,
752 2017 753 2020 ,

152 2042 212 2089 Hoc>
223 2040 374 2089 Mantineam
390 2041 452 2089 circa
467 2040 515 2089 fuit
531 2043 603 2109 atque
618 2043 755 2100 Leuctram,

200 2113 287 2160 Essent
302 2111 363 2160 dum
377 2113 442 2162 vitae
457 2113 501 2162 vix
515 2112 562 2162 sibi
578 2112 710 2180 relliquiae,

152 2183 253 2247 Quaerit
268 2193 352 2231 utrum
368 2184 463 2233 salvum
477 2183 542 2233 foret
558 2184 609 2233 eius
625 2183 709 2232 nobile
725 2195 829 2244 scutum,

199 2255 289 2303 Hostes
306 2255 406 2304 contriti
422 2255 470 2304 sint
485 2255 674 2314 Lacedemonii;

152 2327 185 2376 Ut
200 2326 266 2374 iuxta
282 2336 370 2374 votum
385 2326 471 2376 didicit
487 2327 608 2393 completa
624 2327 742 2392 cupitum,

199 2397 290 2464 Inquit,
307 2413 382 2445 «non
398 2398 492 2451 morior
508 2399 550 2447 sed
566 2398 643 2464 magis
659 2415 690 2447 en
705 2398 790 2448 orior!

151 2469 253 2520 Aeoliae
269 2467 364 2517 Thebas
381 2481 480 2519 cunctae
496 2481 569 2535 caput
584 2470 664 2536 aspice
679 2468 762 2529 factas,

200 2542 269 2604 Quae
285 2555 381 2590 crevere
397 2541 457 2590 meis
472 2541 548 2590 alcius
563 2540 694 2607 auspiciis;

114 2660 147 2703 246
158 2660 228 2695 hastae
234 2660 330 2704 hsuprascr.
391 2670 421 2703 255
428 2658 511 2703 perfidia
517 2658 608 2703 isuprascr.
671 2670 702 2703 ²57
714 2659 807 2703 o(mrua)
799 2670 816 2694 m
827 2671 863 2701 ras,

81 2708 113 2743 266
125 2708 174 2751 (vix)
176 2706 229 2751 ‚nibil
240 2717 272 2742 rar.
332 2718 364 2751 272
376 2716 454 2742 crevere:
466 2718 476 2742 e
486 2712 569 2751 suprascr
