2068 3216
344 212 378 254 on
394 185 635 245 Mnnounnursusl.
655 214 664 259 3

197 338 327 387 Perlustrat
341 350 423 400 totum
439 339 499 394 mira
514 336 622 395 videndo
638 332 740 404 polum;
785 349 786 353 ’

150 409 245 466 Ordine
260 426 318 459 nam
334 410 406 465 divos
423 410 499 459 cernit
514 409 619 467 residere
635 426 770 477 supremos,

199 482 268 545 Quae
284 482 325 530 cui
341 482 473 541 sitvirtus,
490 481 576 548 gloria,
593 481 658 541 sella,
675 482 765 542 decus;

148 552 216 602 Pone
231 553 299 602 Iovis
316 553 406 602 solium
420 552 489 603 videt
504 553 563 623 haec
575 553 697 618 quendam
712 555 847 620 religatum,

199 625 269 676 Hanc
285 625 328 690 qui
344 624 517 689 deduxittalia
532 624 607 674 uerba
623 621 706 676 dedit:
733 633 741 688 j

150 713 165 743 «
174 696 223 744 Hic
238 695 308 745 labor
323 696 463 761 Hesperiae,
480 696 587 762 regionis
604 696 700 762 flamma
718 698 821 756 Sicanae,

198 767 285 817 Perdet
301 768 457 817 commissam
473 768 516 835 qui
532 767 578 817 sibi
595 767 731 818 Siciliam».

149 839 243 888 Interea
259 838 326 892 dirus
342 839 470 888 Dionisius
481 839 650 900 illetirannus
881 849 894 885 f.
908 861 931 894 av

198 911 259 959 Fato
275 911 367 959 crudeli
382 910 521 976 praeficitur
537 910 631 970 Siculis,

112 1033 113 1037 ,
150 982 268 1049 Dumque
285 982 439 1033 salutandum
453 982 561 1049 populus
576 983 701 1049 concurrit
716 983 747 1032 ad
762 983 860 1049 ipsum,

199 1054 315 1103 Personat
330 1054 420 1113 intuito
436 1054 507 1103 fortis
524 1055 624 1103 Himera
639 1055 711 1117 vitot

151 1142 166 1172 «
176 1126 249 1174 Hunc
265 1125 311 1175 sub
327 1125 384 1175 sede
399 1125 467 1175 lovis
483 1126 595 1175 vinctum
609 1126 668 1190 loris
685 1143 732 1192 ego
748 1125 801 1175 vidi
812 1145 820 1182 :¹
847 1134 849 1138 ’

199 1196 286 1246 Clades
302 1196 453 1262 Trinacriae,
463 1197 538 1263 pestis
554 1197 733 1249 hic'Ausonia'e
742 1215 764 1246 ».

150 1268 199 1316 Hic
214 1285 266 1321 non
281 1262 394 1318 aerubuit
408 1268 471 1334 ipsis
482 1269 585 1318 illudere
596 1268 672 1328 divis,

199 1340 301 1408 Templa
316 1340 480 1407 prophanavit
496 1353 520 1389 et
536 1356 601 1389 sacra
616 1357 673 1389 vasa
688 1340 761 1398 tulit;

149 1410 253 1462 Velabat
268 1411 340 1461 dictis
357 1429 399 1461 sua
414 1411 477 1461 facta
492 1411 596 1461 nefanda
611 1411 714 1471 facetis,

199 1485 233 1533 Ut
249 1483 326 1532 ridere
342 1483 540 1549 velis,vprotinus
556 1482 670 1543 audieris;

150 1555 235 1605 Locris
251 1554 356 1604 ditatum
371 1556 461 1604 meruit
476 1556 620 1622 Proserpina
635 1555 751 1620 phanum,

199 1628 256 1676 Hoc
272 1626 360 1692 spoliat
375 1627 449 1693 raptis
466 1626 557 1676 ditibus
574 1627 685 1685 exuviis3

112 1745 114 1748 .
150 1699 258 1765 Navigat
273 1698 331 1751 hinc
346 1698 407 1748 velis
423 1715 481 1748 usus
498 1714 543 1764 pro
560 1698 623 1758 velle
639 1696 759 1756 secundis,

199 1768 361 1829 Proclamans,
379 1770 463 1827 «socii
478 1786 562 1821 nonne
577 1769 666 1818 videtis
675 1786 698 1828 »,
714 1770 755 1827 ait,

151 1858 166 1888 «
176 1841 302 1907 Sacrilegis
316 1841 426 1907 placidos
441 1841 552 1890 dederint
566 1841 635 1908 quod
648 1840 749 1890 numina
763 1840 860 1899 choros,

198 1913 291 1964 Forsan
305 1930 358 1965 non
373 1913 472 1964 aderant
487 1909 549 1961 dum
564 1929 606 1961 sua
623 1912 763 1961 sustulimus
773 1926 802 1970 »ς

150 1983 229 2033 Adest
244 2000 312 2044 vern,
328 1984 385 2034 Iovi
401 1984 504 2033 detraxit
519 1983 634 2050 ponderis
651 1983 725 2049 ampli
773 2012 774 2017 =
835 2036 837 2039 .

199 2055 342 2105 Aurifasce
357 2072 470 2122 gravem,
482 2056 568 2114 Hiero,
585 2067 652 2103 tuam
668 2054 803 2112 clamidem,

150 2127 285 2194 iniecitque
300 2127 381 2177 levem
396 2127 483 2176 mollisv
493 2127 561 2176 lanae
578 2125 624 2175 sibi
639 2136 742 2185 vestem,

200 2216 215 2246 <i
224 2198 395 2258 Mulcibero»,
410 2198 479 2258 dixit,
495 2216 509 2246 i(
518 2197 577 2249 haec
593 2198 670 2263 tnagis
686 2209 741 2263 apta
756 2197 820 2255 Iovi,

152 2269 249 2320 Solibus
266 2270 373 2322 hibernis
389 2282 425 2319 est
441 2286 512 2319 aurea
527 2268 617 2334 frigida
632 2269 714 2327 vestis,

200 2342 297 2392 Solibus
314 2342 397 2391 estivis
414 2354 450 2391 est
465 2341 537 2391 nimis
553 2341 594 2389 illa
610 2340 699 2406 gravis,

152 2414 249 2463 Solibus
266 2413 373 2465 hibernis
390 2425 426 2462 est
432 2412 535 2469 ¹¹fervida
551 2413 618 2461 lanea
634 2413 716 2470 vestis,

200 2484 297 2534 Solibus
314 2485 411 2534 aestivis
427 2497 464 2533 est
480 2485 535 2533 satis
551 2484 592 2532 illa
607 2483 701 2542 levis>›;

150 2557 261 2606 Abstulit
276 2557 399 2623 insignem
414 2556 517 2621 gemmis
534 2571 642 2620 auroque
658 2555 778 2620 rigentem

116 2734 147 2767 119
159 2723 234 2758 choros:
246 2722 258 2756 h
269 2730 347 2767 stprascr.
