2068 3216
481 192 602 226 nutatura
626 178 663 226 ΙΙΙ
880 123 928 173 279

214 320 371 390 Autkspeties
387 319 490 379 fructus,
506 319 581 369 decor
597 331 639 369 aut
655 319 774 370 emblema
790 320 911 380 colorum,

262 392 314 442 Aut
329 390 413 457 fruges
429 392 495 440 varie
510 392 666 458 parturientis
681 392 742 457 agri,

214 463 266 514 Aut
281 463 369 513 hiemis
385 473 472 528 torpor
487 462 561 528 glatie
577 463 679 512 durante
695 463 786 512 fluenta

263 534 395 584 Desidiore
410 533 470 599 fuga
485 545 543 583 cum
558 546 672 601 repetunt
687 535 778 584 maria:

214 607 284 655 Dum
300 605 403 655 strident
418 621 477 654 cana
492 604 600 655 borealia
615 605 711 655 climata
727 606 822 666 bruma,
931 618 961 660 3⁶5

262 678 327 727 Aera
343 677 404 726 dum
418 677 505 742 pennis
521 678 641 744 stringere
655 678 717 727 vitat
733 679 794 737 avis,
830 684 832 690 '

215 749 305 798 Totam
320 748 462 815 congeriem
477 748 538 798 dum
552 748 676 815 fagineam
691 750 764 798 simul
779 750 844 815 ignis

262 820 368 887 Accipit,
384 819 510 869 illesa'vix
525 832 664 870 remanente
680 838 750 880 casa3

215 892 283 941 Stant
297 892 369 960 pueri
385 891 448 940 circa
464 903 589 957 materque
603 903 729 959 paterque,
745 892 833 941 referta

263 964 342 1013 Multa
357 963 426 1030 pulte
441 962 507 1012 lebes
524 963 617 1012 sistitur
632 975 688 1013 ante
703 963 785 1031 pedes,
929 986 962 1018 370

214 1035 288 1085 Obba
302 1035 386 1085 cibum
398 1034 522 1100 liquidum
536 1034 625 1101 quibus
640 1036 726 1085 ordine
740 1036 852 1101 congerit
866 1036 913 1095 ori,

261 1108 301 1156 De
317 1107 388 1155 milio
404 1107 468 1156 vicia
482 1106 636 1174 panisadest
651 1107 781 1166 modicus;

213 1178 238 1227 A
253 1190 324 1244 tergo
338 1178 408 1228 lodix
423 1177 530 1228 hiemem
544 1177 633 1228 villosa
648 1179 744 1245 repellit

263 1250 315 1313 Qui
330 1250 437 1300 resident
452 1250 514 1299 suris
531 1249 664 1315 subpositis
680 1250 794 1300 natibus:

215 1321 239 1370 Si
255 1337 329 1387 quare
345 1321 413 1371 fleret
428 1322 574 1388 perscrutari
588 1321 708 1381 libuisset,

261 1394 361 1442 Diceret
377 1409 470 1443 errores
486 1394 602 1459 plangere
618 1410 643 1443 se
658 1394 748 1443 varios.
765 1401 767 1441 ζ

213 1466 273 1514 Non
288 1466 314 1513 in
330 1465 443 1514 dissimili
458 1481 484 1514 re
499 1464 644 1514 dissimilem
660 1465 752 1533 sophus
768 1464 829 1513 alter

261 1537 337 1586 Horis
353 1538 486 1586 momentis
503 1536 618 1585 omnibus
633 1537 771 1603 insequitur
780 1555 787 1596 ;
811 1545 813 1547 ’

213 1607 335 1673 Tingebat
351 1608 428 1658 siccos
444 1624 599 1674 nequaquam
615 1608 685 1657 fletus
702 1608 803 1667 ocellos,

261 1681 347 1746 Longa
363 1697 408 1729 nec
423 1680 522 1746 irriguis
538 1678 613 1728 barba
629 1679 718 1728 fluebat
734 1680 821 1744 aquis;
928 1693 961 1734 380

211 1751 247 1800 At
262 1752 340 1817 magis
357 1768 470 1801 excussus
486 1750 596 1801 fervebat
611 1751 637 1799 in
653 1766 696 1800 ore
712 1751 852 1810 cachinnus,

261 1824 462 1889 Crispantemque
478 1838 569 1871 sonum
582 1822 649 1871 labra
664 1822 753 1888 pudica
769 1822 875 1882 dabant;

209 1895 340 1962 Distortos
356 1893 488 1944 hominum
498 1894 584 1960 ,mores
600 1905 625 1943 et
639 1893 703 1943 facta
717 1909 805 1960 perosa

260 1966 365 2015 Dicebat
381 1982 482 2015 sannam
496 1965 678 2031 ridiculumque
694 1965 748 2015 sibi.

212 2038 273 2088 Non
288 2037 348 2086 istos
365 2037 450 2087 stolidi
465 2037 552 2086 nidore
567 2036 643 2086 fuisse
658 2036 750 2086 favoris

261 2110 352 2176 Captos
367 2121 410 2158 aut
425 2125 501 2158 vanae
516 2108 600 2157 iudico
616 2108 718 2157 leticiae.

212 2180 309 2230 Gaudia
325 2191 469 2246 spreverunt
484 2180 588 2246 collegia
604 2179 756 2246 Phitagorea,

152 2246 154 2251 ⁴
261 2252 358 2301 Gaudia
374 2252 484 2318 despexit
501 2252 589 2316 Stoyca
605 2251 678 2300 docta
693 2252 791 2300 cohors.

212 2324 247 2372 Ut
261 2323 327 2390 fugit
342 2340 406 2389 agna
420 2324 509 2390 lupum
522 2323 617 2390 pernix,
634 2317 662 2372 ut
678 2339 749 2372 cerva
764 2323 869 2382 leonem,

260 2395 347 2445 Perdix
362 2395 510 2461 accipitrem,
527 2394 616 2460 gaudia
632 2395 666 2443 sic
682 2395 784 2461 sapiens.
928 2416 961 2449 390

212 2466 322 2517 Senserat
337 2484 389 2516 esse
404 2466 481 2515 nichil
496 2466 591 2531 rigidus
608 2466 669 2514 Cato
685 2465 773 2532 gaudia
789 2466 884 2525 mundi,

259 2540 320 2589 Non
335 2538 421 2587 habuit
436 2538 498 2587 risus
514 2538 584 2586 cuius
599 2538 626 2585 in
642 2553 684 2586 ore
699 2538 799 2596 locum;

177 2715 209 2748 379
221 2704 304 2747 (sic>c(os)
316 2706 333 2738 in
343 2715 376 2738 ras.
425 2707 456 2747 383
468 2703 565 2738 distortos:
576 2710 673 2748 rsuprascr.
