2068 3216
789 162 799 194 1

299 231 332 264 un
347 231 554 265 trunonmumuus
570 216 638 266 VHI.
657 234 667 264 1
804 162 834 211 93

131 363 192 410 Orat
206 374 253 427 pro
268 359 375 426 propria,
390 374 437 428 pro
454 359 520 408 Galli
534 360 604 428 prole
618 358 714 427 pusilla,

179 432 261 495 Quam
275 430 352 490 fovet,
369 431 478 480 addictus
494 430 600 480 carnifici
615 431 754 499 populum;

129 503 239 554 Vocibus
255 501 293 551 his
308 500 414 569 populus
429 502 582 552 lacrimarum
597 515 621 552 et
637 503 737 553 flumine
753 504 836 564 flexus,

177 576 261 624 Vitam
275 589 323 640 pro
338 574 399 645 natis
415 570 543 642 praecipue
559 574 600 624 dat
615 575 646 624 ei.
849 597 872 629 40

129 647 236 697 Crimina
252 645 347 694 Pisonis
363 645 465 695 Pulcher
480 645 619 715 replicando
634 646 731 706 ferocis,

177 717 254 784 Vulgi
269 716 375 766 confuso
386 715 478 767 ¹subicit
492 716 593 767 arbitrio
603 736 610 777 ;

130 791 249 840 Sternitur
264 789 304 838 hic
318 788 422 856 pedibus
438 806 567 839 censorum
582 787 631 839 iam
645 790 810 856 perimendus,

178 863 260 911 Caeno
274 861 380 929 pollutas
397 861 468 927 erigit
483 861 539 911 inde
555 878 645 928 genas;

130 951 144 981 «
154 933 266 983 Exsolvit
281 948 372 998 poenas
381 950 404 992 n,
420 933 488 1000 plebs
504 933 599 993 clamat,
609 951 623 981 «
631 933 683 982 iure
691 933 802 983 ferendas
811 951 835 983 »:
848 954 868 987 45

177 1006 274 1054 Liberat
290 1002 355 1053 hunc
371 1017 467 1053 motum
482 1005 547 1053 nube
563 1016 661 1072 repente
676 1006 763 1054 lutum.

128 1077 224 1126 Flavius
240 1094 254 1125 a
269 1076 359 1125 Valero
376 1077 432 1125 satis
448 1088 572 1125 accusatur
587 1093 674 1135 amare,

177 1148 246 1197 Tunc
262 1148 366 1197 aedilicii
380 1148 439 1196 iuris
455 1159 505 1196 erat
520 1149 630 1208 Valerus,

128 1220 217 1286 Bisque
233 1219 311 1268 tribus
327 1229 420 1286 septem
435 1220 524 1269 Valero
541 1219 653 1286 suffragia
668 1217 792 1285 praebent,

177 1309 191 1339 «
200 1292 287 1340 Insnns
304 1308 334 1339 en
349 1291 475 1351 morior»,
491 1291 587 1340 Flavius
603 1291 691 1359 inquit,
709 1308 779 1357 «ego
789 1310 820 1351 »;
849 1312 870 1345 50

127 1363 196 1411 Dicit
212 1363 234 1412 ei
249 1363 359 1422 Valerus,
377 1362 434 1411 «nil
450 1362 523 1411 refert
538 1379 626 1412 sonsve
641 1363 682 1412 vel
697 1363 789 1423 insons,
825 1363 826 1367 ’

175 1434 290 1502 Inprobe,
307 1434 436 1501 dispereas,
452 1434 512 1483 dum
527 1434 604 1483 modo
620 1434 741 1500 dispereas
750 1451 782 1493 »3

128 1506 208 1555 Huius
223 1506 312 1573 prolati
328 1506 401 1555 solvit
416 1506 533 1555 violentia
548 1506 607 1555 dicti

175 1579 228 1627 Iam
242 1577 463 1626 consummandum
478 1588 557 1626 morte
573 1578 619 1625 cita
635 1577 758 1626 Valerum.

128 1648 200 1698 Urbis
218 1650 321 1698 Soranae
337 1649 448 1715 culpatur
463 1649 523 1698 dum
539 1648 660 1698 Calatinus

175 1722 236 1770 Non
252 1721 307 1769 satis
324 1732 420 1770 excusat
434 1720 579 1787 prodicione
594 1736 666 1779 reus;

127 1792 249 1841 Maximus
265 1793 330 1841 hunc
344 1793 427 1859 paucis
443 1791 541 1841 redimit
556 1791 636 1851 dictis,
653 1807 721 1841 socer
737 1792 805 1842 eius:

176 1864 225 1912 «Si
240 1880 339 1912 nossem
353 1864 414 1912 tanti
430 1864 538 1912 criminis
553 1880 605 1912 esse
620 1879 697 1923 reum,

127 1935 287 2002 Rupissem»,
304 1935 373 1994 dixit,
391 1936 450 1984 «ius
466 1946 530 1990 artae
544 1935 707 2001 proximitatis
716 1952 747 1984 »z

174 2007 284 2055 Assentit
299 2006 370 2056 dictis
386 2006 497 2056 credulus
513 2006 551 2055 his
566 2007 690 2074 populus:

128 2078 237 2126 Senserat
252 2077 325 2127 huius
341 2093 416 2146 opem
431 2094 468 2127 res
483 2077 581 2144 publica
596 2089 706 2145 tempore
722 2077 794 2138 duro,

175 2150 265 2199 Carum
280 2149 385 2198 declinat
399 2150 465 2199 unde
481 2165 580 2215 gravare
594 2150 684 2199 uirum.

128 2220 229 2269 Scaurus
244 2221 361 2286 agebatur
377 2222 483 2287 graviter
498 2237 552 2269 reus
569 2238 582 2269 e
597 2221 745 2288 repetundis,

175 2293 228 2341 Nec
242 2292 348 2341 totidem
362 2304 435 2342 testes
452 2304 513 2360 quot
529 2292 688 2359 reprehensor
703 2292 792 2351 habet;

127 2364 159 2412 Es
176 2380 307 2413 commune
322 2364 386 2424 tulit,
402 2365 525 2432 provintia
541 2363 601 2412 dum
617 2364 663 2412 sibi
678 2364 758 2423 cessit,
847 2378 867 2421 65

175 2435 268 2484 Consul
284 2436 350 2484 enim
364 2435 450 2495 fuerat,
467 2435 563 2501 questio
579 2436 680 2484 ventilat
695 2435 738 2494 id;

127 2508 232 2555 Excusat
247 2508 290 2555 uix
305 2524 330 2556 se
345 2508 420 2573 longa
434 2522 480 2574 pro
496 2506 624 2556 nobilitate

175 2580 271 2644 Proque
285 2579 360 2644 patris
377 2580 473 2638 meritc,
490 2578 594 2628 solvitur
608 2585 622 2627 a
637 2579 740 2645 populu.

89 2745 108 2789 65
121 2755 139 2779 es
149 2760 167 2774 =
175 2756 209 2780 aes.
