2068 3216
259 152 310 202 304

517 222 636 257 rustum
661 209 709 257 Vll

258 351 297 398 En
314 351 360 399 iter
376 349 508 399 obclusum
523 367 594 399 saeva
609 350 655 399 tibi
670 351 751 417 pande
766 351 885 411 machera,

306 423 346 470 En
361 420 457 487 fragilis
473 437 556 488 saepes
572 438 634 487 quae
649 422 696 472 tibi
711 422 788 489 saepit
802 424 864 483 iter!

257 494 311 542 Hac
326 510 395 543 caesa
410 493 476 542 divis
491 493 585 561 poteris
601 494 715 562 propiare
730 494 855 562 sepulcris,

306 565 360 615 Nec
376 565 458 630 gravis
474 565 520 614 iste
535 565 606 614 labor
622 566 643 615 si
658 566 739 615 valeas
754 566 845 616 animo.

258 636 358 699 Quaeso
374 636 518 696 recorderis,
534 636 621 686 habuit
636 653 696 704 quas
713 638 793 687 Gallia
808 638 889 687 vires:

306 708 403 757 Orbem
418 725 481 774 quae
497 709 603 759 Romam
619 719 742 775 straverat·
752 709 811 770 haec
827 709 926 758 domuit
934 729 941 769 ;

257 779 319 830 Non
336 780 444 829 Senones
461 780 528 829 Galli
543 781 634 829 collem
648 782 747 847 capiunt
763 781 879 847 Capitolii
895 781 906 830 ?

307 853 368 902 Non
384 852 501 919 conplent
516 852 577 900 arcis
593 853 654 900 atria
670 853 830 902 Romuleae?

257 923 319 974 Non
334 923 434 988 redimis
450 922 522 972 fulvo
538 935 580 972 tua
595 924 695 972 moenia
709 934 782 990 teque
798 924 906 984 metallo,

306 995 378 1044 Auro
394 995 649 1059 demulcens,'Rorna‚
666 1012 751 1044 manus
767 996 852 1045 avidas
868 996 879 1044 ?

259 1066 341 1116 Gallia
356 1067 498 1116 Romanum
512 1066 591 1133 longo
607 1066 775 1116 moderamine
791 1079 914 1138 sceptrum

307 1138 380 1187 Rexit
394 1149 420 1213 et
435 1139 526 1187 Auster
542 1138 564 1186 ei
579 1139 662 1205 paruit
678 1150 702 1188 et
718 1140 815 1203 Boreas.
895 1198 896 1201 Ἴ

259 1210 328 1276 Ergo
344 1209 469 1277 subegisti¹
480 1227 542 1275 quae
558 1227 626 1273 sevas
637 1210 711 1274 natio
727 1223 820 1277 gentes,

308 1282 372 1330 Cum
387 1281 447 1330 laxis
463 1282 553 1330 metuis
570 1282 698 1331 semiviros
714 1282 803 1331 tunicis
819 1282 830 1331 ?

258 1354 368 1402 Istorum
383 1353 466 1418 plures
482 1369 618 1419 cognoscas
635 1370 687 1402 esse
703 1354 832 1419 spadones,

308 1425 415 1474 Lubrica
431 1441 506 1490 quem
520 1440 616 1474 morem
632 1425 722 1474 Grecia
737 1441 833 1492 semper
847 1425 938 1483 habet3

259 1496 330 1545 Nolo
345 1496 513 1558 virosltecum
527 1495 610 1544 credas
626 1496 760 1563 confligere
775 1495 849 1556 ferm,

308 1569 354 1616 Est
369 1568 461 1617 etenim
477 1568 571 1616 Grecus
586 1567 678 1616 femina
694 1568 814 1627 mollitie:

260 1639 395 1703 Gimnasiis
412 1654 517 1707 operosa
532 1639 590 1698 tuis,-
606 1640 721 1707 Epicure,
736 1640 850 1703 iuventus

308 1712 431 1760 Provocat
447 1711 563 1760 emeritos
579 1710 610 1759 ad
625 1711 676 1760 fera
692 1711 755 1760 bella
768 1712 838 1776 uiros
854 1711 866 1760 ?

260 1784 293 1832 Et
310 1800 372 1848 quae
388 1800 416 1848 se¹
429 1782 527 1831 madida
543 1781 625 1831 studet
641 1798 751 1849 exercere
760 1783 878 1849 palestra,

308 1854 446 1921 Pinguibus
462 1854 562 1903 abiectis
578 1853 674 1902 utribus
690 1852 757 1910 arma
771 1855 861 1920 gerit?

261 1927 361 1976 Caetera
376 1925 500 1975 barbaries
515 1925 594 1991 longo
611 1925 724 1992 depressa
740 1940 837 1993 sopore,

309 1999 360 2047 Vix
375 2009 469 2064 gestare
486 1998 536 2046 suis
552 2013 618 2046 arma
633 2009 716 2064 potest
731 1996 847 2047 humeris.

260 2070 358 2135 Rumpe
374 2086 465 2130 moras,
481 2069 560 2128 mileS,
576 2068 695 2117 virtutem
709 2069 758 2117 fata
774 2081 895 2128 secuntur,

311 2142 363 2190 Stat
377 2140 478 2189 fortuna
493 2141 558 2189 ausis
574 2152 642 2207 parta
657 2140 740 2189 favere
755 2141 820 2200 tuis3
850 2198 852 2202 y

261 2211 342 2279 Terga
356 2211 434 2278 fugax
448 2212 536 2271 hostis,
551 2212 623 2261 iacies
639 2212 683 2261 ubi
698 2212 790 2261 missile
805 2212 921 2278 primum,
977 2221 990 2257 f.
1002 2232 1022 2256 12

309 2284 424 2333 Prebebit
438 2283 511 2350 pictis
527 2294 590 2332 tecta
604 2283 651 2332 tibi
666 2283 768 2350 clipeis;

260 2355 383 2422 Auspitiis
400 2371 457 2421 gere
472 2354 536 2417 bella
551 2355 600 2403 tuis
617 2354 706 2420 quibus
723 2354 805 2403 omnia
820 2354 899 2404 vincis

309 2427 420 2493 Agmina
435 2438 460 2475 re
475 2439 561 2475 contra
577 2443 639 2491 quae
655 2444 698 2475 sua
715 2427 785 2492 signa
800 2437 889 2492 gerunt
898 2443 920 2474 ».

262 2498 364 2548 Talibus
379 2495 495 2547 accensus
511 2498 612 2547 monitis
629 2498 746 2546 exercitus
763 2498 852 2556 omnis,

309 2570 393 2619 Armis
409 2570 521 2635 arreptis,
537 2570 628 2635 impete
643 2569 750 2618 terrifico

226 2746 257 2778 171
270 2734 335 2779 (fulv)o
346 2737 363 2769 in
374 2745 407 2769 ras.
