2068 3216
206 141 255 184 182

377 225 411 257 DE
427 222 633 258 Mauounsmmus
649 210 704 259 VII.
725 227 733 271 5

202 351 315 417 Negligis
333 352 391 400 haec
407 351 474 400 Fabii
490 351 601 400 mandata
617 351 732 401 facillima
749 353 845 416 Quinti,

252 423 345 471 Existas
363 422 474 487 quamvis
492 434 603 471 strenuus
620 424 645 471 in
661 424 778 492 reliquis3

202 494 308 543 Pellibus
325 494 419 543 hedinis
436 495 574 560 lectumque
591 495 714 561 sedileque
731 496 826 555 sternis,

252 565 410 616 Germinibus
427 583 471 614 nec
488 567 591 614 humum
607 568 700 634 spargis
717 566 883 626 hodotifetis;

203 638 316 687 Consulis
333 637 424 686 idcirco
441 636 516 686 fasces
533 638 594 687 dum
609 638 718 687 vestibus
735 639 790 707 ipso

251 710 280 758 In
296 725 383 776 campo
399 709 481 775 poscis
498 709 615 758 candidus
632 727 645 758 a
661 711 765 777 populo,

202 781 290 830 Paulus
306 797 366 829 avus
382 780 438 829 licet
454 793 478 828 et
494 780 539 828 tibi
557 781 639 847 Scipio
654 794 755 848 patruus
772 794 842 841 esset,

251 852 366 919 Turpiter
381 869 395 899 a
411 852 504 900 cunctis
520 852 577 901 inde
594 853 704 920 repulsus
721 853 780 902 abis.

203 925 286 991 Scipio
301 923 399 973 virtutis
415 924 506 990 lampas
523 924 611 974 Nasica
627 936 732 990 togatae,

250 995 306 1055 Iste,
322 995 449 1060 iugurtha,
466 995 511 1043 tibi
527 995 590 1044 bella
606 995 674 1044 iubet
690 996 759 1056 fieri;

203 1067 305 1116 Sedibus
322 1084 335 1115 e
350 1067 438 1133 Frigiis
455 1067 538 1115 Lacias
555 1067 616 1116 dum
631 1068 699 1116 venit
715 1068 745 1117 ad
761 1084 821 1127 aras,

250 1139 333 1188 ideam
349 1140 454 1187 Matrem
471 1139 571 1204 suscipit
587 1139 613 1186 in
629 1139 749 1199 manibus

202 1211 276 1259 Urbis
291 1208 417 1277 pestiferas
433 1210 573 1277 tranquillat
590 1211 733 1269 sediciones,

252 1282 368 1348 Corporis
384 1299 412 1330 ac
427 1280 502 1330 animi
519 1281 619 1331 dotibus
636 1283 766 1348 egregius;

202 1354 305 1419 Flagitat
320 1353 403 1402 aedilis
419 1353 542 1420 populum
556 1353 684 1420 poscendo
699 1354 790 1402 curulis

251 1426 320 1474 Dum
335 1425 439 1484 iuvenis,
455 1424 508 1473 fieri
525 1425 628 1490 denegat
644 1425 685 1473 ille
702 1425 763 1475 sibi:

202 1497 275 1546 Forte
291 1513 392 1545 manum
408 1496 537 1562 stringens,
555 1496 617 1545 ruris
634 1496 719 1545 durata
734 1496 817 1546 labore

252 1568 321 1631 Quae
336 1568 414 1616 fuerat
430 1568 517 1627 nimio,
534 1568 653 1616 ruricolae
669 1568 751 1628 Gabii,

203 1641 316 1688 Rusticus
333 1657 364 1688 an
379 1639 452 1688 vadat
468 1639 589 1698 manibus,
605 1639 715 1688 ludendo
731 1640 841 1705 requirit,

252 1711 281 1760 Se
298 1711 367 1778 quasi
383 1711 522 1770 subsannet,
538 1711 629 1776 vulgus
646 1711 717 1760 inane
732 1708 822 1770 fremit,

203 1784 235 1831 Et
250 1793 418 1849 paupertatem
433 1783 501 1831 velut
518 1782 648 1848 exprobret
663 1782 779 1831 omnibus
795 1798 901 1848 aegram,

250 1854 318 1903 illius
335 1853 433 1903 urbanis
449 1854 587 1903 intumuere
602 1854 671 1902 iocis.

204 1926 325 1992 Campum
338 1925 473 1992 percrebris
489 1925 589 1984 vexasti,
606 1925 687 1985 Paule,
704 1925 806 1991 repulsis

250 1996 361 2045 inberbis
378 1997 464 2045 consul
481 1997 542 2045 dum
557 2011 657 2063 cuperes
673 1996 742 2055 fieri;

204 2068 317 2117 Consulis
333 2070 385 2135 ipse
401 2068 512 2134 gradum,
529 2069 645 2127 censoris,
662 2080 686 2116 et
701 2068 805 2135 amplius
821 2067 899 2116 altum

252 2140 310 2188 Post
326 2140 384 2188 haec
400 2139 552 2199 conscendis,
569 2156 672 2205 magnus
689 2139 780 2206 etipse
797 2139 861 2187 satis.
914 2148 927 2186 f.
939 2153 960 2192 γε

204 2210 315 2259 Tristicia
330 2212 416 2278 plenus
434 2212 562 2276 multoque
579 2211 676 2269 rubore,
694 2209 808 2259 Metellus

251 2282 343 2331 Flendo
361 2282 464 2331 domum
479 2282 559 2342 rediit,
576 2282 683 2349 reppulit
698 2282 764 2330 hunc
779 2281 904 2348 populus;

203 2349 289 2403 Postea
306 2354 335 2402 de
350 2354 446 2421 pseudo
462 2355 543 2403 victor
558 2353 621 2402 redit
636 2354 682 2402 iste
697 2353 821 2421 Philippo,

252 2425 331 2491 Terga
347 2427 416 2491 sequi
432 2425 501 2474 cuius
517 2426 569 2492 ipse
586 2436 681 2474 senatus
698 2437 764 2473 ovat.

109 2519 129 2552 35
203 2498 285 2545 Poscit
299 2509 437 2563 praeturam
453 2496 515 2556 dum
529 2497 616 2545 Lurius
631 2497 789 2563 imperiosam

253 2568 316 2627 Silla,
333 2580 406 2634 negat
421 2569 529 2635 populus
545 2580 604 2617 vota
620 2585 665 2616 nec
680 2568 824 2633 assequitur.

180 2698 187 2731 5
202 2686 270 2732 quinti:
282 2699 294 2721 0
304 2688 334 2729 sig.
344 2697 374 2720 voc.
386 2693 465 2731 srprascr.
539 2697 559 2728 14
570 2685 653 2729 iugurtha
663 2685 686 2720 al.
695 2696 736 2719 man.
799 2696 849 2728 15-22
857 2686 874 2718 in
882 2697 915 2719 ras.

131 2735 203 2770 ulman.
245 2745 264 2777 25
277 2734 381 2778 exprobret:
394 2740 488 2778 ruptam,
531 2745 550 2777 32
562 2732 638 2776 reppulit
649 2735 665 2767 in
676 2745 708 2768 ras.
759 2745 777 2777 33
791 2732 915 2776 (te).(dit)ras.
