2068 3216
770 169 779 198 1

269 238 304 272 bs
319 238 524 274 Mnuonnsumus
540 224 583 271 Vl.
603 228 615 270 8
788 169 818 217 ⁵9

106 367 144 414 Ex
159 367 243 415 multis
259 378 341 433 gratus
358 368 404 417 sibi
420 367 533 417 adhaeret
549 367 660 415 servulus
677 384 749 426 unus,

155 438 204 486 Hic
219 450 314 487 vestem
329 450 407 488 mutat
423 455 480 488 cum
495 439 605 488 domino
615 439 749 505 propriam,

106 510 202 559 Anulus
219 528 233 559 a
248 510 328 576 digito
344 509 486 559 transfertur
501 511 527 559 in
543 511 595 559 eius
611 510 690 569 herili,

157 581 280 631 Subtrahit
296 582 391 631 occulta
406 583 530 649 posterula
546 582 684 642 dominum,

109 656 186 719 Seque
201 654 266 702 locat
282 664 365 712 strato,
382 653 497 702 dominus
514 654 588 702 iacuit
604 670 661 702 suus
678 654 704 702 in
720 671 779 720 quo,

157 724 302 792 Obiecitque
319 741 391 773 suum
406 725 524 774 militibus
540 725 661 791 iugulum.

98 797 191 846 ›Astius
207 808 236 845 ut
251 797 328 845 cernit
342 796 448 845 famulos
464 797 556 846 inhiare
572 797 662 864 rapinis

157 870 189 917 Et
204 868 295 917 nudare
311 868 423 927 domum,
440 885 465 917 se
480 869 543 934 rapit
559 886 572 917 e
588 868 688 927 medio;

108 941 192 990 Unum
208 940 330 989 deservis
346 940 490 1006 laceraverat
505 941 570 1007 inpie
587 940 677 1005 flagris,

156 1013 253 1061 Fecerat
269 1023 292 1060 et
307 1011 374 1060 ferro
389 1011 470 1060 fronte
486 1024 571 1061 notam
586 1012 684 1072 calido;

107 1086 232 1133 Inmemor
246 1083 287 1132 ille
302 1083 388 1149 probri
404 1084 513 1150 sequitur
528 1084 631 1149 vestigia
646 1083 741 1143 furtim,

155 1155 240 1204 Astius
257 1155 361 1221 expavit,
378 1171 430 1203 esse
445 1154 532 1203 dolum
547 1156 642 1214 metuit,

108 1226 178 1276 Vidit
193 1227 260 1275 enim
274 1226 371 1275 nullum
386 1225 448 1275 bene
464 1226 494 1275 de
510 1227 601 1275 meritis
619 1227 664 1275 sibi
680 1227 799 1287 iunctum,

157 1299 239 1361 Quem
254 1298 317 1346 male
332 1309 443 1346 tractarat
458 1298 648 1365 inmeritumque
664 1299 741 1366 sequi,

109 1369 156 1419 Sed
171 1386 232 1436 puer
247 1370 368 1436 obsequio
385 1369 515 1418 dominum
530 1369 652 1418 demulcet
668 1370 756 1429 amico,

157 1442 253 1490 Solatur
268 1441 339 1490 dictis
356 1440 421 1489 hunc
437 1442 510 1490 etiam
525 1441 643 1508 placidis;

108 1514 241 1578 Postquam
256 1511 379 1561 carnifices
394 1512 527 1578 praesensit
543 1512 626 1562 adesse
640 1512 743 1573 feroces,

157 1585 318 1653 Extruxitque
333 1599 424 1649 rogum
438 1585 628 1651 composuitque
644 1593 743 1650 senem3

108 1655 215 1705 Callidus
231 1656 296 1704 hunc
312 1656 406 1722 rapiens
422 1656 513 1704 occidit
528 1655 599 1704 rebus
617 1667 737 1721 egentem,

157 1728 232 1776 Urere
249 1744 273 1776 se
288 1727 418 1794 proprium
433 1728 476 1793 qui
492 1727 607 1779 simulans
624 1727 771 1787 dominum;

107 1798 229 1847 Militibus
246 1814 354 1864 quonam
369 1798 484 1847 dominus
501 1798 672 1864 quaerentibus
688 1800 754 1859 isset,

154 1870 300 1919 Intentando
317 1886 418 1918 manum
432 1870 537 1935 protulit
552 1871 597 1918 ista
613 1886 694 1936 rogo:

108 1942 215 1991 «Astius
232 1958 262 1990 en
277 1942 351 1990 iustas
368 1941 443 1990 solvit
459 1958 541 1990 caesus
557 1941 619 1990 nrihi
634 1956 734 2009 poenas,

155 2013 180 2062 A
194 2030 234 2061 me
250 2013 369 2062 succensis
385 2013 484 2078 ignibus
500 2014 579 2061 uritur
595 2013 633 2061 his
642 2032 674 2073 »3

107 2085 203 2133 Norant
218 2084 254 2133 hii
270 2100 369 2133 servum
383 2096 504 2133 tormenta
521 2085 663 2150 gravissima
678 2100 786 2152 passum,

156 2155 264 2204 Credunt
278 2155 401 2221 figmentis
418 2156 475 2204 hinc
490 2156 629 2222 abeuntque
643 2156 710 2223 piis;

109 2228 177 2276 Servi
191 2228 328 2292 promeruit
343 2228 443 2292 stropha
458 2244 512 2275 reus
528 2228 569 2276 ille
585 2228 688 2276 salutem

155 2299 253 2347 indulta
268 2299 339 2364 culpa
355 2310 465 2365 tempora
480 2311 537 2364 post
553 2299 657 2348 modica.

73 2761 91 2794 53
104 2749 167 2783 Antius
178 2751 194 2784 in
208 2748 264 2784 Valer.
273 2745 328 2791 Mam,
340 2760 365 2791 vi,
378 2752 410 2791 8‚7.

833 617 854 648 50

831 1299 854 1333 60

831 1657 852 1701 65

831 2030 853 2062 70
