2068 3216
791 174 835 220 145

309 246 343 279 DE
359 244 568 280 nunonnunmus
584 230 627 279 VI.
646 247 659 278 2

177 373 312 422 Consulem
327 389 409 440 eques,
426 374 496 422 nullo
512 389 582 422 more
598 389 682 422 senem
696 373 800 432 iuvenis,

128 444 187 494 Vidi
203 455 342 512 praetorem
357 445 509 512 Perpennam
525 444 598 494 caede
613 444 761 504 madentem,

177 517 231 565 Hos
248 516 420 583 indempnatos
436 517 543 583 percutis
559 516 611 583 ipse
627 516 694 566 viros
704 534 735 565 »ε

129 587 235 636 Plurima
250 588 371 655 Pompeio
388 604 435 653 qua
451 599 594 654 tempestate
609 599 716 654 potestas
856 608 876 641 75

178 660 242 708 Cum
256 658 329 719 foret,
346 659 443 715 inmoto
458 659 560 726 pertulit
575 658 634 708 haec
650 659 740 708 animo.

128 730 199 780 Plebs
216 731 334 780 caelebrat
349 730 422 780 ludos
438 732 464 779 in
480 730 604 797 Apollinis
620 731 702 785 omnis
718 730 821 789 honore,

178 802 290 851 Carmina
307 802 367 851 dum
383 802 467 851 recitat
482 801 572 852 Difilus
588 802 646 851 huic
662 802 760 869 tragica,

130 874 246 922 Occurrit
260 890 354 934 uersus,
372 885 479 923 «nostra
494 873 629 923 infortunia
644 890 748 940 magnus
757 892 780 933 a,

178 945 208 994 In
223 943 346 1012 Magnum
360 957 429 994 tensa
445 961 520 1013 quem
534 946 596 1011 legit
610 946 662 1013 ipse
678 961 752 994 manu
763 963 783 1004 ;·
858 959 879 989 80

129 1017 197 1066 Fecit
212 1017 279 1066 idem
293 1033 394 1066 versum
410 1016 509 1084 quando
524 1019 669 1084 pronuntiat
683 1017 762 1077 illum,

179 1107 194 1137 <t
203 1088 327 1138 Adueniet
342 1100 439 1156 tempus
455 1105 513 1138 cum
528 1089 635 1154 graviter
651 1088 766 1147 doleas»,

130 1162 183 1210 Nec
199 1161 282 1228 potuit
296 1160 386 1228 populi
400 1160 487 1210 erebro
503 1160 601 1209 monitu
616 1160 734 1220 revocari,
751 1189 753 1194 ,

180 1232 249 1295 Quin
263 1243 334 1281 notet
349 1232 458 1281 inuisum
473 1247 546 1299 posse
561 1232 610 1281 viri
625 1232 737 1280 nimium.

131 1303 221 1363 Marce,
238 1303 390 1353 Placentinos
407 1315 478 1352 vexat
494 1303 555 1352 dum
571 1303 651 1353 Carbo
667 1304 750 1371 petitis
858 1317 878 1357 35

180 1374 324 1435 Obsidibus,
340 1374 457 1442 prohibes
473 1392 505 1424 ne
520 1375 659 1424 tribuantur
674 1375 713 1434 ei;

131 1447 201 1495 Dum
215 1447 297 1513 plures
314 1446 409 1513 gladios
426 1463 451 1496 se
468 1447 549 1497 Carbo
564 1447 671 1495 minatur
686 1445 783 1505 habere,

179 1517 266 1567 Annos
283 1529 307 1567 et
323 1518 414 1567 multos
430 1518 517 1568 astruis
534 1535 585 1567 esse
600 1517 653 1567 tibi.

130 1591 172 1639 ius
188 1589 367 1650 civile-docens
384 1590 504 1639 Pascelius
520 1589 587 1639 urbis
604 1589 712 1655 ephebos

180 1662 250 1710 Dum
265 1661 296 1710 de
312 1660 464 1729 temporibus
480 1661 580 1711 liberius
596 1661 714 1729 loquitur,
859 1682 881 1715 90

132 1733 275 1801 Corripiunt
291 1733 340 1781 cari
355 1748 468 1800 proceres
485 1749 516 1782 ne
531 1732 640 1782 offendat
655 1732 735 1791 amici,

181 1804 331 1871 Respondet,
349 1822 364 1853 n
373 1804 425 1853 duo
440 1815 497 1854 sunt
514 1803 618 1853 scribere
634 1820 696 1869 quae
712 1815 836 1863 moneant,

133 1875 217 1925 Orbus
230 1875 271 1925 vel
286 1877 343 1941 quia
357 1893 420 1935 sum,
434 1876 475 1925 vel
489 1876 538 1925 iam
552 1877 609 1942 quia
623 1875 759 1941 decrepitus
774 1891 845 1924 sum:

181 1947 324 1996 Formident
338 1959 419 2014 patres
435 1958 461 1996 et
476 1958 586 1996 metuant
601 1947 701 1996 iuvenes
711 1965 733 1995 >›.

14 2028 37 2062 62
132 2020 258 2086 Dampnas
274 2019 364 2068 iniuste
381 2018 511 2085 quandam,
527 2019 660 2068 temulente
676 2018 805 2086 Philippe:
860 2038 880 2072 95

181 2091 251 2139 Dum
265 2089 393 2156 plectenda
408 2089 481 2150 foret,
497 2090 580 2139 intulit
595 2090 637 2139 illa
652 2089 706 2149 tibi,

134 2162 300 2228 «Disceptare
315 2162 377 2211 volo
393 2161 436 2211 sed
451 2161 512 2211 nolo
528 2177 587 2211 cum
601 2162 745 2220 temulento,

182 2232 245 2282 Mox
260 2234 329 2300 quasi
346 2233 376 2282 de
393 2249 482 2282 somno
498 2233 625 2282 discuteris
642 2233 728 2291 nimio,
785 2231 794 2260 i

133 2304 255 2372 Perquiris
272 2305 371 2372 culpam
387 2304 429 2353 sed
445 2304 506 2353 dum
520 2320 573 2353 non
588 2304 687 2372 inspicis
703 2304 811 2362 ullam»,

182 2377 322 2425 Immunem
336 2376 463 2443 propriam
478 2376 555 2425 mittis
571 2376 638 2425 abire
654 2375 765 2425 domum.
851 2396 884 2419 100

134 2449 210 2496 Lauta
228 2448 342 2496 Siracusis
360 2447 464 2514 degebat
480 2464 539 2496 anus
555 2448 698 2506 lacrimosis

183 2518 279 2567 Debilis
296 2530 406 2568 extremo
422 2536 483 2587 quae
498 2519 577 2567 fuerat
594 2520 679 2578 senio;

135 2590 234 2657 Expetit
249 2590 275 2638 in
290 2591 356 2639 votis
372 2590 441 2656 plebs
458 2590 560 2639 exitium
575 2590 691 2649 Dionisii,

99 2760 118 2800 85
132 2756 203 2791 Marce:
215 2767 227 2790 o
238 2756 267 2799 sig.
276 2766 306 2790 aaa.
315 2761 394 2799 saprascr.
444 2766 475 2789 102
488 2754 579 2799 (firera).(t)
590 2766 623 2790 ras.
