2068 3216
195 147 242 193 17¹2

368 221 402 255 oa
418 221 624 255 Mauoxxmmaus
640 207 695 255 VII.
714 224 727 254 2

193 347 284 413 Exigui
301 348 371 407 ruris,
389 365 430 396 seu
447 364 498 396 non
514 348 571 396 satis
587 348 731 397 ambitiosae

241 420 382 479 Doctrinae,
399 419 479 468 cultor
494 419 535 468 ille
550 418 629 468 fidelis
646 420 707 480 erit;

193 491 238 539 Est
255 491 280 539 in
297 508 392 540 secessu
408 507 460 539 non
475 490 557 539 fronte
573 491 668 540 beatior
682 492 756 551 idem,

242 564 274 611 Et
290 579 335 611 nec
350 561 445 610 divitiis
461 573 497 611 est
513 579 558 611 nec
573 563 668 612 honore
684 564 765 629 gravis
776 581 799 613 ».

193 633 261 682 Vitat
277 633 417 683 Alexandro
434 634 491 682 dare
506 633 605 683 divinos
623 636 690 701 quod
707 634 813 684 honores

242 706 345 755 Palladis
361 705 427 764 urbs,
444 706 534 754 Demas
551 706 607 755 talia
624 706 684 755 dixit
700 707 730 765 ei,

195 778 287 826 «Dum
303 777 397 826 caelum
412 777 504 826 claudis
520 778 581 837 aliis,
598 789 686 826 terram
701 778 746 826 tibi
762 778 837 838 tollis,

244 849 321 912 Quod
336 849 382 898 tibi
398 865 450 897 non
465 849 564 908 minuis,
581 849 606 898 id
623 849 679 898 dare
695 866 738 898 cur
754 851 842 899 metuis
859 850 892 899 ?»

194 924 272 986 Leges
288 920 427 969 consimiles
444 921 498 969 telis
514 921 592 969 aiebat
607 922 721 970 arachnes

243 993 323 1042 Fortis
340 992 503 1051 Anadmrnes,
520 1008 582 1057 quae
598 993 702 1041 retinent
718 993 826 1052 minima,

196 1064 304 1114 Grandia
320 1064 487 1113 transmittunt
503 1064 622 1123 animalia,
640 1065 674 1113 sic
690 1082 789 1132 quoque
805 1065 870 1130 leges

244 1137 304 1186 Non
321 1137 444 1202 stringunt
460 1152 563 1201 magnos
579 1147 603 1184 et
620 1136 722 1201 religant
738 1137 861 1185 minimos.

196 1210 278 1257 Nocte
294 1222 448 1275 supergressa
465 1208 539 1255 sensit
555 1208 722 1256 Lacedemona
739 1220 822 1257 contra

245 1279 402 1346 Conspirasse
419 1279 496 1327 malos
512 1279 641 1345 Agesilaus
657 1279 707 1339 ubi,

196 1352 319 1400 Dissoluit
334 1352 408 1416 leges,
425 1350 508 1398 statuit
525 1367 584 1416 quas
600 1351 652 1417 ipse
668 1351 798 1417 Ligutgus,

247 1423 316 1485 Quae
332 1422 390 1471 dein
406 1421 542 1488 dampnatis
559 1422 703 1489 supplitium
718 1422 857 1489 prohibent,
909 1431 920 1467 f¹
933 1442 968 1475 aav

197 1494 340 1561 Punitisque
356 1494 402 1542 reis
419 1510 478 1542 mox
493 1494 599 1542 restituit
614 1493 682 1542 vafer
697 1495 777 1560 ipsas:

246 1566 316 1615 Ultio
331 1567 393 1614 iusta
408 1563 456 1613 fuit
471 1565 510 1613 lex
524 1564 568 1613 ubi
582 1565 722 1631 praeteriit3

199 1639 286 1686 Essent
301 1649 329 1686 ut
345 1652 447 1703 semper,
464 1648 593 1685 momento
608 1636 746 1703 disperiere,

247 1710 310 1758 Cura
325 1709 387 1774 vigil
403 1708 467 1756 cauti
482 1708 597 1773 providet
612 1708 657 1757 ista
672 1709 728 1757 viri.

199 1781 320 1829 Cannensi
335 1796 418 1848 pugna
434 1779 532 1828 modios
549 1791 597 1828 tres
613 1780 699 1828 anulus
715 1780 800 1847 implet

247 1854 373 1901 Extractus
389 1852 450 1900 civis
467 1852 582 1900 Romulei
596 1851 697 1917 digitis;

199 1926 282 1991 thue
297 1923 372 1973 fidem
387 1923 476 1972 faceret
491 1935 530 1971 tot
545 1940 627 1971 caesos
644 1940 695 1972 esse
712 1922 821 1986 Quirites

247 1995 355 2044 Annibal
371 1996 419 2043 hoc
435 2010 522 2043 aurum
537 1994 633 2043 civibus
649 1994 683 2042 ire
698 1994 782 2053 iubet;

201 2068 224 2117 Si
242 2068 296 2133 quis
313 2067 343 2116 de
359 2067 429 2115 sotiis
445 2068 570 2115 Romanos
587 2066 688 2125 deserat,
705 2067 795 2114 Hanno

248 2140 306 2188 Post
322 2138 416 2187 cladem
433 2138 534 2203 quaerit,
550 2154 623 2186 nemo
640 2137 743 2186 refertur
758 2138 797 2196 ei;

201 2213 329 2276 «Legatos
346 2210 376 2258 de
391 2226 450 2276 pace
466 2209 512 2257 sibi
528 2209 715 2268 transmittite»,
732 2208 808 2257 dixit:

249 2282 326 2344 Quod
342 2282 362 2329 si
377 2280 490 2329 fecissent
506 2281 558 2329 eius
575 2280 605 2329 ad
621 2281 756 2339 arbitrium,

200 2355 260 2402 Non
277 2364 338 2402 esset
354 2352 420 2401 bello
438 2352 559 2418 Carthago
575 2352 640 2400 victa
656 2351 772 2410 secundo,

249 2424 350 2490 Ignibus
367 2436 475 2472 extremo
491 2436 543 2472 tota
559 2440 603 2471 nec
620 2423 747 2472 excideret.
