2068 3216
789 155 797 185 1
808 156 837 199 17

313 227 347 259 DE
363 225 571 260 Mnuonnarnruus
588 211 619 258 V.
640 228 649 257 1

123 353 248 419 Ponpeius
264 368 348 419 regem
364 356 441 422 caepit
456 353 593 421 pugnando
610 352 749 419 Tigranem,

174 425 225 488 Qui
241 425 326 473 Persae
342 424 418 474 robur
434 442 476 475 scu
493 424 626 474 Mitridatis
643 435 701 483 erat,

123 496 190 545 Nam
199 495 305 563 ⁴pulsnm
321 497 402 545 Ponto
417 496 570 546 Mitridatem
586 496 688 562 suscipit
703 495 777 556 ultro,
841 516 873 550 105

173 568 265 616 Contra
281 568 421 617 Romanum
436 569 546 636 protegit
561 568 700 635 imperium,
730 563 732 567 ⁴

126 639 177 701 Qui
192 640 243 687 ruit
258 650 313 688 ante
329 640 403 706 pedes
419 651 555 707 prostratus
572 654 676 706 corpore
692 637 787 705 Magni,

174 711 205 759 Et
222 710 333 760 diadema
349 711 387 759 sui
402 711 476 760 tradit
492 712 515 760 ei
530 711 624 777 capitis,

125 783 231 847 Magnus
249 798 323 849 quem
338 783 429 832 relevat
445 782 557 849 celsaque
572 783 599 831 in
616 781 672 831 sede
688 781 813 843 reformat,

174 854 205 902 Et
222 853 332 903 diadema
349 871 421 903 suum
436 855 542 903 restituit
558 853 649 920 capiti;
842 875 875 899 110

124 926 174 973 Dat
190 925 303 974 mandata
320 925 374 985 sibi,
392 942 453 991 quae
468 942 522 974 non
537 925 569 974 sit
584 924 620 974 fas
636 926 757 985 temerari,

172 997 303 1046 Demulcet
319 1012 430 1063 regnum¹
440 996 591 1046 restituendo
609 1013 698 1055 suum;

124 1068 235 1117 Noverat
251 1068 291 1117 hic
307 1085 426 1135 magnum
442 1084 526 1135 regern
542 1069 655 1117 strauisse
671 1068 812 1135 superbum,

173 1140 271 1189 Parcere
288 1140 399 1189 subiecto
415 1150 468 1189 nort
484 1141 565 1189 minus
581 1157 633 1189 esse
648 1139 764 1205 probum.

125 1210 247 1277 Tempora
263 1211 376 1277 Tigranis
392 1212 467 1261 vestit
483 1212 618 1261 diademate
634 1212 706 1276 regis,
841 1234 873 1266 ης

173 1282 232 1331 Post
247 1283 376 1332 modicum
390 1284 460 1332 cuius
477 1282 525 1333 heu
541 1294 614 1350 caput
630 1282 748 1348 eripitur!

125 1354 251 1421 Quodque
266 1355 426 1422 triumphales
442 1366 491 1404 tres
507 1370 626 1404 ornavere
642 1370 755 1414 coronae,

174 1426 240 1474 Huic
255 1425 325 1475 locus
341 1427 368 1474 in
382 1437 439 1476 toto
455 1442 508 1475 non
524 1426 595 1476 datur
610 1426 671 1475 orbe
687 1442 750 1485 su0;

124 1497 204 1545 Mittit
219 1496 246 1546 id
261 1492 382 1565 Aegiptus
398 1498 489 1548 victori
504 1497 597 1565 perfida
612 1513 710 1557 munus,

173 1569 250 1632 Quod
265 1570 347 1618 uictor
362 1569 466 1618 lacrimis
482 1569 576 1636 proluit
591 1569 707 1635 irriguis;
843 1589 876 1614 120

125 1641 222 1689 Extruit
238 1641 290 1707 ipse
306 1657 404 1707 rogum,
422 1642 563 1708 conspergit
579 1640 699 1689 odoribus
715 1641 805 1707 ipsum,

173 1712 205 1760 Et
222 1724 294 1777 caput
310 1713 452 1762 ambustum
466 1714 540 1781 ponit
555 1724 583 1761 ut
599 1723 635 1761 est
651 1712 774 1761 meritum.

125 1782 211 1832 Caesar
227 1784 268 1844 ait,
285 1785 360 1850 rigidi
376 1796 501 1852 comperta
517 1797 597 1833 morte
614 1784 722 1843 Catonis,

176 1855 293 1905 «Invidit
308 1855 386 1905 famae
402 1857 522 1905 maximus
538 1858 583 1905 iste
599 1872 674 1915 meae,

124 1927 180 1993 Ipse
195 1943 243 1992 ego
260 1928 314 1976 zelo
331 1943 400 1977 suam
415 1944 473 1977 cum
489 1928 519 1976 sit
535 1927 667 1976 clarissima
682 1925 796 1975 famam»
809 1945 815 1977 ε
843 1947 874 1980 125

172 1999 233 2048 Non
249 1999 339 2048 meruit
355 2000 446 2049 similes
462 1999 529 2048 orbis
546 1999 635 2048 habere
651 1998 733 2047 duces.

124 2068 225 2118 Liberto
242 2070 347 2119 Brutum
362 2070 413 2131 das,
430 2072 534 2131 Antoni,
551 2070 732 2129 tumulandum,

173 2140 294 2209 Praecipis
310 2159 410 2191 accensa
425 2142 535 2192 membra
551 2158 657 2190 cremare
673 2142 742 2207 pira;

124 2212 232 2278 Dignius
248 2224 276 2261 ut
292 2214 362 2262 Bruti
378 2213 452 2263 funus
468 2213 534 2263 foret
549 2214 607 2279 igne
623 2213 754 2273 cremandi,

173 2283 246 2332 inicis
263 2285 315 2349 ipse
331 2297 399 2334 tuam
414 2300 563 2352 purpuream
579 2284 715 2333 clamidem.
855 2305 877 2339 30

125 2356 231 2420 Magnus
248 2356 393 2416 Alexander,
411 2357 516 2406 Scithiae
532 2357 593 2406 dum
608 2356 720 2424 pervolat
735 2373 799 2415 axes,

173 2427 274 2493 Frigore
289 2428 339 2476 iam
355 2429 437 2477 senior
452 2429 551 2494 angitur
566 2445 630 2476 unus
647 2444 729 2493 eques,

125 2497 236 2547 Collocat
252 2499 318 2547 hunc
333 2501 418 2565 ignem
433 2501 500 2549 iuxta
516 2516 564 2558 rex,
583 2499 638 2548 sede
655 2499 738 2564 relicta

175 2570 230 2633 Qua
247 2571 322 2630 sedet,
339 2572 413 2636 idque
430 2573 479 2621 suis
496 2573 548 2639 ipse
564 2571 623 2619 facit
639 2570 769 2629 manibus;

126 2641 275 2708 Supplitium
291 2642 377 2708 capital
394 2645 458 2709 regis
475 2643 596 2693 scandisse
612 2642 719 2691 tribunal
843 2663 875 2697 ¹35

174 2714 238 2762 Cum
254 2714 285 2762 sit
301 2715 367 2780 apud
384 2716 474 2775 Persas,
492 2731 534 2764 rex
549 2713 608 2762 facit
624 2714 672 2762 hoc
688 2712 742 2762 fore
757 2713 802 2762 fas.
