2068 3216
314 205 348 237 DE
363 204 571 238 Maurounmuiuus
587 190 630 238 lv.
650 195 661 237 8

181 332 215 380 Ut
231 331 294 379 tuba
306 331 456 398 concrepuit,
474 348 533 380 mox
547 333 655 398 populus
673 333 755 392 siluit;

132 403 221 452 Praeco
238 403 373 469 proclamat
390 419 451 468 quae
468 404 554 451 consul
571 403 650 452 dicere
667 405 780 453 mandat:

182 493 196 521 ‹<
206 474 301 533 Grecia,
318 475 393 524 verba
409 474 477 523 ducis
493 475 591 542 percipe
608 475 735 525 Flaminii:

133 547 167 595 Ut
183 546 231 594 sint
247 546 359 594 inmunes
376 564 389 594 a
405 546 507 596 servitio
523 546 591 595 iubet
606 547 687 607 urbes,

181 619 236 684 Ipse
252 617 359 684 Philippi
375 634 434 685 quas
451 617 580 667 dedicione
596 620 682 668 tulit».

133 691 225 739 Gentes
241 689 335 738 laeticia
350 706 478 756 percussae
487 707 546 738 mox
561 691 669 758 inopina,

182 763 246 811 Cum
261 761 332 810 dictis
349 761 443 812 nollent
459 763 496 810 his
513 761 627 811 adhibere
643 762 725 822 fidem,
741 781 742 786 ¹
768 769 770 774 ⁴

133 834 297 899 Congerninat
313 850 400 899 praeco
418 850 479 900 quae
494 834 629 900 protulerat
645 835 691 883 sibi
706 835 796 902 primo,

182 905 245 954 Tota
262 917 331 954 sonat
347 905 430 954 laudes
447 905 554 954 consulis
570 906 629 955 ilico
644 906 730 973 plebs;

134 977 232 1026 Exultat
247 977 363 1043 populus,
381 977 475 1025 caelum
491 977 596 1026 clamore
612 978 725 1043 repletur,

181 1050 317 1097 Persultant
333 1048 416 1108 valles,
428 1060 548 1097 consonat
563 1065 638 1097 omne
653 1067 747 1108 nemus,

132 1120 260 1169 Attonitae
276 1121 389 1169 volucres
407 1136 480 1188 super
496 1136 614 1187 expavere
630 1122 749 1180 volantes,
844 1132 892 1173 r48

181 1193 211 1240 ln
227 1204 365 1259 terramque
381 1205 463 1251 ruunt,
480 1192 568 1257 gaudia
584 1204 649 1241 tanta
666 1204 783 1259 strepunt.

133 1262 219 1323 Hiero,
238 1264 356 1313 Siracusas
374 1265 416 1332 qui
432 1263 501 1322 rexit,
518 1264 585 1312 clade
601 1276 695 1329 reperta

182 1336 228 1384 Res
245 1335 333 1384 afflicta
350 1335 422 1384 nimis
437 1335 536 1402 publica
552 1353 600 1402 qua
615 1334 701 1395 fuerat,

132 1408 226 1472 Aspera
243 1407 306 1456 bella
322 1407 402 1456 lacum
418 1407 478 1455 dum
494 1408 569 1472 gessit
584 1407 650 1474 apud
667 1407 843 1466 Trasimenum,

182 1479 277 1528 Hordei
294 1480 330 1528 bis
347 1491 446 1527 centum
462 1479 528 1527 milia
545 1479 676 1539 distribuit,

133 1551 181 1598 Ter
197 1562 298 1599 centena
314 1550 381 1599 dedit
397 1551 541 1599 modiorum
556 1550 623 1598 milia
638 1550 716 1609 farris,

181 1622 244 1670 Auri
261 1622 298 1671 bis
315 1635 414 1671 centum
429 1622 516 1687 pondo
533 1633 665 1687 quaterque
682 1622 773 1681 decem,

134 1694 227 1742 Cuncta
243 1711 317 1742 manu
333 1694 399 1759 larga
415 1694 532 1742 Romanis
549 1693 654 1742 contulit
670 1711 725 1753 una,

183 1765 308 1830 Quodque
324 1765 476 1814 verecundos
494 1782 545 1813 esse
562 1765 651 1814 sciebat
668 1782 718 1824 eos,

132 1836 203 1884 Auro
219 1836 339 1886 formatur
355 1837 474 1897 Victoria,
490 1854 521 1885 ne
537 1848 648 1885 vereatur

181 1908 279 1957 Aurum
295 1925 352 1957 cum
367 1909 462 1975 populo
479 1908 552 1956 Curia
568 1908 696 1973 suscipere.

132 1979 235 2028 Divitiis
251 1979 368 2047 locuples,
385 1980 467 2028 animo
484 1980 638 2046 locupletior,
655 1997 718 2028 unus

182 2053 220 2101 Ex
235 2052 407 2117 Agrigentoris
424 2051 500 2100 Gillia
515 2051 576 2099 civis
593 2063 659 2110 erat;

133 2122 182 2171 Hic
198 2124 290 2173 donare
305 2123 384 2189 magis
401 2139 475 2188 quam
491 2139 586 2171 sumere
602 2138 697 2190 semper
712 2122 811 2181 amavit,

181 2194 351 2244 Munificentia
367 2211 442 2261 quem
457 2194 530 2243 credo
547 2195 629 2242 virum
645 2195 746 2259 genuit;

133 2266 201 2315 illius
217 2267 270 2333 ipse
285 2266 346 2315 lares
361 2266 458 2333 pietatis
474 2266 565 2332 templa
579 2278 685 2332 putares,

182 2339 248 2386 Hinc
264 2349 423 2386 monumenta
440 2337 486 2386 sibi
501 2337 600 2405 publica
615 2337 684 2404 plebs
701 2337 792 2395 statuit,

133 2410 199 2458 Hinc
214 2410 280 2458 cives
297 2409 375 2476 epulis
392 2421 529 2457 recreantur
545 2408 639 2475 saepius
655 2408 750 2475 amplis,

181 2482 260 2530 Dotes
277 2480 424 2546 virginibus,
442 2497 495 2529 esca
511 2480 582 2529 datur
598 2479 688 2538 viduis,

133 2552 247 2618 Hincque
263 2551 407 2601 verecundis
423 2552 539 2618 privatim
554 2551 634 2600 victus
651 2552 742 2617 egenis

182 2625 248 2672 Hinc
263 2641 302 2672 aes
319 2624 451 2690 oppressis,
467 2623 664 2689 praesidiumque
680 2622 759 2680 famis,

134 2696 199 2743 Hinc
215 2695 287 2744 nudis
304 2696 419 2760 tegimen,
436 2695 536 2761 pupillis
553 2694 624 2743 dulce
639 2694 758 2752 levamen,
830 2707 831 2710 ’
