2068 3216
853 164 904 213 419

381 238 515 271 uiuacuan
532 237 550 271 s.
567 236 707 270 uuuunrctr

193 365 305 414 Cernitur
321 382 334 413 a
350 366 410 415 celia
425 366 520 414 caelum
534 381 619 414 versus
635 364 678 413 via
694 376 766 413 strata
909 382 940 413 245

241 437 403 502 Lampadibus
420 437 507 497 rutilis,
523 436 633 486 vestibus
649 447 674 486 et
689 436 771 496 variis,
808 481 810 483 .

194 510 276 570 Quam
292 524 364 575 supet
378 509 473 557 adsistit
488 509 528 558 vir
543 508 630 568 clarus,
646 507 761 557 fratribus
778 506 839 566 infit,

242 581 332 629 «Haec
348 580 494 629 Benedictus
511 597 558 645 qua
574 579 653 629 tendit
668 578 700 628 ad
715 584 778 628 astra
794 579 866 628 via».

194 651 321 714 Quaedam
337 652 451 701 Tartareo
469 652 588 702 stimulata
605 651 701 701 furebat
717 663 809 711 oestro,

242 723 307 773 Silva
323 740 368 772 nec
383 736 424 772 aut
440 739 512 789 rupes
528 723 578 772 ulla
593 723 680 789 fugam
695 723 792 782 retinet,
906 740 940 773 250

194 796 263 857 Quae
280 795 382 845 ducente
398 796 454 844 Deo
471 795 595 844 Benedicti
612 794 722 844 constitit
738 805 817 853 antro,

216 898 218 901 -
241 867 283 916 Ob
299 868 414 916 meritum
430 868 498 916 cuius
514 868 628 932 provenit
644 866 724 933 ampla
740 866 811 915 salus.

193 1010 268 1059 Patris
284 1009 431 1059 Adalbertus
448 1011 575 1059 translatos
592 1009 679 1059 edocet
694 1021 770 1069 artus,

242 1081 369 1144 Quaedam
384 1093 451 1147 gesta
468 1082 524 1130 stilo
541 1082 662 1130 subiciens
679 1080 767 1130 nitido.

192 1152 335 1202 Adveniunt
352 1153 426 1202 subiti
442 1165 564 1202 nocturno
580 1165 691 1218 tempore
707 1152 787 1219 Bardi,
906 1169 938 1202 255

242 1225 370 1276 Cassinum
384 1236 487 1283 vastant,
505 1225 631 1291 diripiunt,
648 1224 760 1273 lacerant.

192 1296 265 1345 Fiunt
280 1312 411 1364 praesagus
427 1297 577 1362 praedixerat
592 1308 620 1345 ut
636 1295 790 1356 Benedictus,

241 1369 295 1417 Una
311 1385 356 1416 nec
372 1385 401 1416 ex
416 1368 500 1417 multis
516 1368 611 1434 deperit
626 1367 684 1416 hinc
699 1367 787 1417 anima.

192 1441 256 1488 Aere
273 1439 318 1489 sub
334 1439 403 1489 nudo
419 1440 493 1489 iacuit
510 1457 575 1489 sacer
590 1440 682 1505 absque
697 1439 820 1498 ministro,

241 1513 273 1559 Et
290 1526 360 1560 soror
375 1512 401 1559 in
417 1512 514 1561 tumulo
531 1524 641 1578 tempore
657 1527 708 1559 non
724 1511 824 1561 modico
833 1529 840 1571 ;
906 1516 940 1550 2⁶0

192 1584 252 1631 Non
268 1583 367 1632 himnus
383 1595 488 1643 resonat,
505 1600 557 1633 non
572 1583 680 1650 psalmus
696 1583 723 1630 in
738 1599 781 1631 ora
797 1583 904 1641 resultat,

242 1654 289 1704 Sed
305 1666 369 1722 caret
384 1655 493 1705 humano
509 1654 596 1722 legifer
612 1654 741 1720 obsequio.

192 1726 275 1774 Mittat
291 1726 420 1775 Cassinum
434 1726 503 1776 videt
519 1727 545 1775 in
561 1727 653 1777 somnis
669 1725 802 1793 Aigulfum
851 1773 852 1776 ,

240 1798 473 1865 Mummolusabba
488 1799 524 1864 pii
540 1798 632 1851 deferat
648 1815 703 1847 ossa
717 1798 811 1864 patris;

191 1869 303 1918 Prodidit
319 1869 432 1922 asseculis
449 1887 510 1938 quae
525 1870 620 1919 uiderat
635 1869 677 1919 ille
692 1870 794 1929 vocatis,
907 1873 939 1916 2⁶5

240 1941 310 1990 Pares
326 1942 443 2002 consiliis,
460 1959 476 1991 o
486 1942 602 2008 :Aiguife,
619 1941 698 2002 datis;

192 2014 289 2062 Lustras
306 2014 435 2062 Cassinum
449 2013 489 2062 vir
505 2030 593 2079 gnarus
610 2013 702 2062 lumine
718 2025 832 2072 castrum,

240 2083 285 2134 An,
297 2085 397 2150 signum
411 2085 495 2134 videas
511 2085 608 2134 credere
624 2085 664 2134 cui
679 2084 767 2144 libeat3

192 2155 238 2203 Cui
255 2156 344 2216 senior,
361 2157 468 2223 «vigila,
485 2156 592 2222 signabis
608 2156 719 2225 lampade
735 2157 798 2205 clara

240 2227 352 2277 Fratrum
367 2229 438 2277 busta
454 2229 527 2277 simul
543 2228 596 2277 luce
612 2228 658 2278 sub
674 2228 789 2294 ambigua
798 2247 828 2287 »3
907 2254 941 2285 270

193 2299 282 2364 Spretis
300 2300 357 2348 hinc
373 2301 461 2361 stratis,
478 2317 558 2366 speras
575 2300 681 2348 confinia
696 2300 766 2360 lucis,

240 2371 272 2433 Et
288 2372 360 2437 signo
376 2372 432 2421 viso
449 2372 584 2422 coniubilas
600 2372 731 2431 Domin0;

191 2440 297 2505 Pignora
313 2442 439 2493 confracto
455 2443 550 2512 profers
567 2460 682 2510 germana
698 2445 819 2510 sepulcro,

239 2513 346 2564 Includis
364 2527 446 2580 sporta
461 2516 575 2583 protinus
591 2516 633 2564 issa
648 2533 722 2565 nova.

155 2617 187 2649 250
197 2611 231 2640 tota
239 2606 281 2641 linea
291 2609 308 2641 in
317 2619 350 2643 ras.
361 2615 377 2642 et
387 2609 409 2643 al.
420 2621 462 2644 man.
496 2632 498 2635 -
511 2621 584 2654 252-254
594 2612 610 2644 in
621 2621 654 2645 ras.
665 2616 681 2644 et
688 2610 712 2645 al.
724 2622 765 2647 man.
814 2622 846 2655 254
858 2613 905 2657 stylo

119 2652 197 2687 Mabt'llon
244 2654 336 2698 subjiciens
353 2656 384 2691 Cn.
401 2657 485 2692 Mabillon.
557 2660 588 2701 258
606 2662 640 2692 tota
656 2656 698 2692 linea
711 2661 729 2693 in
742 2670 776 2693 ras.
794 2665 809 2694 et
823 2660 845 2694 al.
862 2672 904 2696 man.

119 2700 150 2781 t265
162 2700 338 2746 (prodidit)....(quae)
348 2715 380 2738 ras.
405 2705 485 2739 asseculis
494 2712 573 2750 suprascr.
611 2717 643 2748 270
652 2706 719 2749 (snmut
727 2708 744 2741 in
753 2717 786 2741 ras.
811 2719 905 2753 27455202-

127 2760 136 2782 a
147 2760 186 2783 corr.
199 2760 221 2783 ex
233 2758 290 2793 porta.
