2068 3216
782 174 792 206 1
819 175 828 206 1

293 245 328 278 DE
343 232 552 279 Mauouaammus
569 230 624 278 VH.
643 246 656 276 2
799 174 813 220 7

117 372 178 421 Non
190 371 254 420 solas
271 371 359 420 debere
375 388 461 420 manus
477 389 491 420 a
507 372 609 420 crimine
624 387 707 438 puras,

167 441 214 492 Sed
229 454 323 492 mentes
339 444 428 492 aetiam
443 459 539 510 semper
555 442 643 492 habere
660 442 740 493 docet.

117 514 220 577 Quaerit
235 526 320 563 utrum
335 515 436 580 quidam
452 517 529 564 societ
544 526 626 563 natam
641 515 768 582 locupleti,

166 587 219 635 Etsi
234 585 299 635 forte
315 586 396 635 nunus
412 587 451 635 vir
466 586 537 635 fovet
551 587 594 636 ille
605 586 711 654 probus,
836 605 869 628 120

116 657 158 706 An
174 658 259 724 iungat
275 674 366 724 genero
383 658 440 707 satis
457 671 544 707 ornato
562 658 605 707 sed
621 675 709 724 egeno,

166 729 212 780 Cui
228 728 388 779 Temistocles
405 741 516 779 strenuus
532 731 578 778 ista
594 729 684 780 refert:

117 802 185 850 «Est
200 802 285 869 potior
300 802 339 850 vir
355 801 457 861 divitiis,
473 818 531 850 nam
545 801 646 851 divitiae
662 815 719 851 sunt

165 872 302 932 Pestiferae‚
319 872 396 939 digno
413 872 433 921 si
449 889 546 922 caruere
562 874 650 922 viro».

116 942 223 1010 Magnus
239 944 378 994 Alexander
394 944 440 994 sibi
456 944 520 994 fidos
536 940 662 1012 comparat
678 961 748 1005 aur0,
836 962 867 995 125

166 1016 249 1079 Quem
263 1012 469 1084 pater-increpuit
485 1016 544 1065 haec
559 1016 592 1064 ita
608 1017 744 1067 subitiens:
809 1076 811 1079 y

117 1103 132 1134 «
141 1087 244 1137 Obtime
259 1087 294 1137 mi
309 1086 353 1147 fili,
370 1104 432 1154 quae
447 1099 477 1137 te
488 1088 610 1137 dementia
626 1089 713 1155 caepit,

165 1159 200 1209 Ut
216 1158 298 1208 credas
314 1158 378 1209 fidos
396 1175 458 1225 quos
475 1160 535 1208 emis
551 1160 604 1227 ipse
619 1158 665 1213 tibi
675 1159 708 1208 »l

116 1228 195 1279 Mittit
210 1230 351 1280 Alexandro
368 1230 542 1280 Callisthenem
557 1231 604 1280 sibi
620 1243 725 1297 gratum,

165 1302 225 1351 Eius
241 1302 282 1351 hic
297 1302 403 1362 auditor,
420 1302 509 1351 doctor
524 1302 687 1361 Aristoteles;
836 1321 869 1354 130

116 1374 235 1440 Praecipit
249 1386 291 1423 aut
304 1389 440 1440 numquam
453 1373 551 1423 tumido
565 1390 623 1423 cum
636 1390 694 1440 rege
707 1374 831 1440 loquatur,

164 1445 217 1494 Aut
233 1462 308 1512 quam
323 1445 429 1495 iocunde
445 1444 520 1494 verba
536 1444 583 1494 sibi
598 1444 695 1505 facere;

117 1516 217 1566 Oblitus
234 1517 302 1566 docti
317 1517 439 1566 tutissima
454 1517 519 1566 iussa
534 1516 654 1583 magistri,

164 1588 206 1637 Ad
223 1588 312 1638 Graios
329 1604 410 1638 mores
426 1589 481 1637 vult
497 1603 612 1638 revocare
628 1588 725 1648 ducem,

117 1658 168 1722 Qui
185 1677 210 1709 se
226 1676 295 1710 more
311 1660 409 1709 salutari
425 1659 547 1726 gaudebat
562 1660 646 1727 opime
835 1678 866 1712 135

165 1732 300 1790 Persarum,
317 1742 392 1780 strato
409 1746 514 1797 corpore
528 1745 630 1799 prorsus
646 1730 725 1791 humi,

117 1802 193 1865 Quod
209 1802 270 1852 dum
284 1802 384 1852 liberius
402 1803 543 1852 Callistenes
559 1802 723 1871 reprehendit,

164 1874 238 1940 Regis
255 1874 371 1924 mandato
387 1874 531 1924 confoditur
546 1873 638 1940 gladio.

117 1947 169 1994 «In
184 1957 279 2012 partem
294 1957 407 1995 neutram
422 1945 496 1995 debes
513 1957 657 1995 convertere
672 1945 767 2011 lingam

164 2018 234 2065 Dum
249 2016 280 2066 de
295 2029 320 2066 te
335 2018 476 2083 loqueris»,
492 2018 574 2083 inquit
589 2017 753 2067 Aristoteles:
835 2036 868 2068 140

117 2105 131 2136 <‹
141 2088 165 2138 Si
181 2099 205 2137 te
220 2088 334 2148 laudaris,
350 2089 497 2138 vanissimus
514 2105 565 2137 esse
580 2088 701 2155 probaris,

165 2160 190 2209 Si
206 2171 230 2209 te
246 2160 407 2227 blasphemes,
423 2159 503 2227 opido
518 2159 607 2208 stultus
624 2160 671 2208 eris
681 2177 703 2208 ».

116 2232 171 2297 Ipse
188 2231 350 2297 «voluptates
360 2250 383 2291 >>,
399 2232 442 2291 ait,
459 2232 563 2298 «aspice
578 2242 767 2298 praetereuntes,

164 2303 307 2370 Implevisse
322 2303 400 2369 pudet
416 2319 475 2370 quas
492 2303 536 2352 ubi
551 2303 722 2352 transierint».

117 2374 219 2438 Quaerit
238 2374 411 2440 Anaxagoram
431 2374 580 2441 compellans
596 2389 711 2440 promere
722 2373 867 2440 quidam,1as

165 2446 225 2495 Esse
241 2445 325 2494 beatus
342 2445 420 2495 homo
436 2447 491 2512 quis
507 2445 620 2495 uideatur
636 2446 677 2494 ei:

117 2518 233 2577 «Non»,
248 2517 291 2577 ait,
309 2518 395 2566 «inter
411 2534 453 2567 eos
469 2517 529 2566 reris
547 2533 610 2583 quos
627 2533 679 2566 esse
696 2516 789 2576 beatos,

166 2588 212 2638 Sed
229 2601 310 2637 manet
326 2589 389 2638 inter
405 2605 447 2638 eos
465 2605 528 2654 quos
544 2600 642 2654 reputas
659 2589 780 2638 miseros:

81 2766 113 2797 1²7
124 2754 213 2790 domentia
233 2768 234 2773 ¹
