2068 3216
218 149 266 199 260

505 237 623 272 mustum
638 224 662 272 Il

215 365 305 414 Tideus
322 365 437 414 Aetholo
447 365 525 414 fuerat
541 365 571 414 de
587 381 644 431 tege
659 379 760 426 creatus,
817 365 819 367 ’

263 437 393 485 Hirsutum
408 437 515 502 tegimen
531 436 599 502 quod
615 438 751 487 manifestat
767 438 826 504 apti,

214 508 325 575 Oedipus
342 509 446 557 incestus
462 519 531 573 pater
546 509 656 561 extiterat
672 510 795 569 Polinicis,
842 531 844 533 ¹

263 581 400 629 Concretus
413 580 498 628 messis
515 581 606 629 semine
621 582 732 648 vipereae
743 600 749 640 ;

216 651 327 713 Quantus
343 667 412 700 amor
427 651 563 700 deiunxetit
578 651 623 700 hos
639 665 744 702 extrema
758 652 847 718 probat
863 668 924 713 sors,

264 724 319 786 Qua
334 738 380 788 pro
397 723 487 772 dilecto
504 723 594 772 Tideus
611 724 734 784 occubuit,

214 795 303 861 irrigui
319 795 389 843 fietus
406 794 559 860 gemitusque
574 794 679 861 probant
695 796 818 854 Polinicis,

263 868 383 915 Muctove
400 884 450 932 quo
467 868 551 915 stricto
566 866 667 931 perdere
683 884 708 916 se
724 869 811 917 voluit.
864 896 865 899 =

214 938 315 986 Vicinae
331 939 398 1003 rupis
415 950 495 986 manet
511 950 538 986 ut
553 937 679 988 fulcimine
694 940 766 988 turris
888 959 890 979 1
912 947 981 982 -f-108

262 1010 327 1068 Fixa,
344 1026 388 1058 nec
403 1010 477 1058 iratus
493 1021 566 1058 terret
582 1026 635 1058 eam
651 1012 747 1070 Boreas,
775 1027 777 1030 ’

215 1080 253 1129 Sic
269 1099 282 1129 a
298 1081 455 1147 magnanimo
472 1082 515 1146 qui
531 1094 698 1146 comportatur
714 1082 801 1141 amico,

263 1153 407 1201 Terrentum
423 1152 527 1201 tumidas
544 1170 595 1201 non
611 1153 680 1202 timet
695 1154 736 1202 ille
752 1151 842 1202 minas

213 1224 348 1272 Historiam
365 1224 458 1283 Gallus,
476 1224 582 1273 breviter
598 1241 671 1290 quam
686 1225 785 1291 replico,
801 1224 881 1283 nouit,

261 1296 341 1345 Novit
356 1296 382 1344 in
398 1308 506 1344 extremo
522 1296 594 1344 litore
611 1297 672 1345 Saxo
689 1297 757 1355 situs,

214 1367 291 1429 Quae,
308 1369 426 1433 quoniam
442 1379 531 1416 maetas
547 1366 604 1416 fidei
620 1368 793 1417 transcenderit
809 1384 912 1433 aequas,

262 1439 374 1488 Creditur
390 1457 403 1487 a
419 1439 534 1505 gravibus
550 1438 632 1487 fabula
647 1439 702 1488 ficta
717 1440 794 1499 viris;

213 1510 276 1560 Vera
292 1523 373 1559 tamen
387 1511 454 1560 falsis
471 1511 590 1576 quaedam
604 1512 724 1577 permixta
738 1511 861 1570 videntur,

262 1583 331 1645 Quae
346 1594 512 1648 protestantur
529 1593 617 1648 quanta
632 1582 733 1631 facessat
748 1599 825 1631 amor.
862 1602 864 1605 ’

168 1628 196 1735 js
211 1654 338 1703 Amanum
353 1655 438 1719 genua
453 1654 524 1702 tenus
540 1654 680 1713 avernia,
698 1654 762 1702 can

261 1725 344 1775 Clarus
362 1727 404 1792 qui
420 1725 514 1774 Montis
531 1726 610 1774 extitit
625 1725 746 1791 indigena,

212 1796 295 1846 Blavia
312 1797 354 1846 sed
369 1809 476 1846 castrum
492 1798 584 1846 sotium
596 1798 714 1863 produxit
729 1797 853 1856 Amicum,

260 1869 412 1918 Vuasconiae
427 1868 505 1927 fertur
519 1880 587 1935 parte
604 1869 672 1933 quod
688 1885 739 1917 esse
756 1869 837 1917 situm.

212 1940 321 2008 Corpore
336 1941 432 2005 proceri
449 1941 576 2008 specieque
592 1940 684 1989 nitente
699 1940 805 1999 venusti,

258 2012 341 2061 Armis
358 2012 484 2071 terribiles,
501 2011 610 2060 moribus
627 2023 651 2060 et
665 2011 763 2077 placidi,

211 2083 332 2149 Lampade
348 2084 468 2148 pollentes
483 2084 617 2150 praeclarae
632 2083 775 2142 nobilitatis,

257 2156 335 2220 Inque
352 2156 400 2203 suis
416 2155 490 2221 primi
505 2155 600 2203 civibus
617 2171 630 2202 a
645 2155 760 2222 proauis;

210 2228 263 2275 lam
278 2227 377 2275 iuvenes
393 2227 434 2274 isti
449 2227 543 2293 peciere
558 2226 649 2292 palacia
665 2226 737 2291 regis,

202 2334 204 2336 »
258 2299 373 2347 Pictonus
383 2297 521 2346 Arbennus
537 2299 684 2363 Vuascoque
700 2296 784 2345 serviit
800 2296 865 2344 huic.

210 2370 280 2419 Dum
294 2369 442 2418 famulantur
458 2369 488 2428 ei,
506 2380 562 2417 sunt
577 2380 631 2417 atto
647 2369 741 2434 glutine
756 2368 833 2416 iuncti

257 2440 458 2490 Indissolvendae
473 2456 573 2506 prorsus
589 2440 719 2499 amiciciae,

173 2571 204 2603 119
213 2560 305 2604 quoniam:
312 2570 367 2603 quum
376 2559 413 2600 Cra,
421 2559 454 2592 Hn.
464 2569 518 2603 quum
526 2558 561 2592 iam
571 2564 599 2592 aut
611 2558 693 2602 quoniam
700 2558 761 2591 coniecit
768 2558 801 2592 Ha.
846 2564 921 2591 transce-

136 2607 182 2641 detit
195 2607 232 2648 Cn„
240 2608 273 2641 Hn.
282 2606 415 2640 transscenderit
423 2604 451 2639 aui
459 2605 586 2640 transcenderat
598 2608 635 2640 cani.
647 2606 680 2640 Hn.
730 2616 759 2638 121
772 2613 831 2639 tamen
832 2630 861 2639 .....
872 2604 919 2639 falsis

136 2655 222 2699 permixta
232 2654 325 2689 videntur:
339 2654 376 2696 Ca,
388 2655 429 2695 Ha,
441 2665 505 2697 quorum
513 2654 540 2687 ille
547 2665 584 2695 scr„
593 2665 602 2688 u
610 2653 634 2687 Un
642 2659 675 2687 mot
682 2665 692 2686 a
700 2654 722 2686 e'te'
730 2654 769 2687 omis
774 2659 807 2697 par
814 2652 828 2686 le
835 2654 893 2696 copisa
900 2664 921 2686 au

135 2703 190 2737 milieu
201 2702 219 2736 de
230 2713 289 2743 revers,
305 2703 337 2745 qui,
349 2703 392 2736 ainsi
401 2703 482 2743 transmit,
494 2702 520 2735 n’a
529 2701 569 2745 plus
574 2712 602 2745 que
616 2712 623 2744 5
634 2700 680 2745 piatis
687 2711 702 2735 a).
715 2700 764 2734 factis
775 2706 803 2734 aut
813 2700 870 2734 verbis
881 2702 920 2735 coni.

137 2751 170 2784 Ha.
209 2749 240 2784 126
251 2750 347 2784 Vaseoniae
359 2749 396 2791 Ca,
408 2749 442 2783 Ηη.
481 2760 511 2793 132
523 2749 616 2782 Pictonum
625 2750 662 2791 Cn,
674 2749 707 2782 Ha.
743 2747 920 2789 Arvernus0n2‚÷ttm
