2068 3216
897 168 906 199 1

357 234 448 270 -PASSIO
464 236 487 270 Β.
504 235 595 280 ΜΑΠΜ,
612 235 742 270 PROLOGUS
860 168 888 213 35

201 362 271 413 Fucis
287 362 421 413 verborum
436 379 479 411 sua
495 362 538 430 qui
553 361 675 412 mendatia
690 363 805 430 pingunt,

249 435 359 485 Laudent
374 433 490 501 indignos
506 445 535 483 ut
549 434 595 483 tibi
610 435 681 484 laude
697 435 773 495 viros,

201 506 354 556 Attollantve
369 522 427 555 suos
442 505 559 572 figmenta
573 504 668 556 fabrilia
684 506 764 567 divos,

248 580 320 628 Facta
335 590 418 644 tegant
433 577 515 627 verbis
530 578 610 645 turpia
625 579 778 646 compositis,

202 650 253 714 Qui
267 649 326 699 fidei
340 664 412 699 verae
424 661 452 698 te
467 649 541 698 sentis
557 649 609 699 iura
623 660 714 710 tenere,

250 722 390 771 Grammata
406 720 426 770 si
441 722 529 780 nescis,
544 721 618 771 corde
634 722 690 771 Deo
706 722 767 772 iubil
784 761 789 772 .

201 793 273 842 Artes
288 792 386 843 dicendi
401 808 463 860 quae
478 793 553 859 gestis
569 794 589 842 si
605 793 712 843 didicisti

250 865 357 915 Scribere
372 864 468 924 festina
483 863 601 914 laudibus
611 865 729 931 invigila:

201 936 289 986 Illusos
305 937 392 987 misere
406 952 515 1004 paganos
531 935 597 986 idola
613 938 707 1003 scriptis

249 1009 423 1075 Cernisquam
438 1007 522 1058 multis
537 1009 701 1058 accumulasse
716 1009 773 1058 suis.

201 1079 240 1128 Tu
255 1080 359 1131 Domini
374 1079 480 1131 famulos
496 1080 616 1146 virtutum
632 1080 690 1130 dote
706 1080 817 1141 decoros,

250 1153 309 1215 Quo
324 1164 395 1219 potes
411 1151 499 1200 adnisu
514 1168 614 1219 quoque
629 1151 721 1212 favore,
738 1169 804 1202 cane.

201 1224 291 1274 Nonne
306 1224 367 1290 legis
383 1235 457 1272 notos
472 1223 561 1272 illustri
576 1224 681 1274 carmine
696 1224 774 1273 factos

248 1294 362 1344 Moribus
379 1295 497 1344 obscuros
513 1296 662 1362 progenieve
677 1297 745 1345 viros
761 1296 772 1344 ?

200 1367 310 1432 Insignes
325 1366 417 1433 lingua,
433 1367 538 1418 mirandi
553 1367 643 1416 caelibe
658 1367 718 1427 vita,

249 1438 332 1488 Plures
348 1450 405 1487 sunt
419 1439 492 1488 nobis
508 1438 593 1488 codice
607 1449 669 1488 teste
683 1440 739 1499 viri,

201 1508 329 1559 Testificor
343 1510 415 1578 plane
431 1527 494 1576 quos
510 1510 600 1576 dignos
616 1527 668 1559 esse
683 1509 776 1570 favore,

250 1582 365 1645 Quorum
379 1582 431 1631 laus
447 1582 528 1632 omnis
544 1582 729 1650 Omnipotentis
745 1583 798 1631 erit.

202 1652 263 1701 Sunt
279 1654 322 1721 qui
337 1669 406 1705 more
421 1669 491 1703 rosae
506 1665 608 1703 vernant
623 1654 737 1703 rutilante
752 1669 847 1713 cruore,

249 1725 363 1774 Provexit
379 1724 489 1774 Christus
506 1742 568 1791 quos
583 1726 681 1791 potiore
697 1725 782 1791 gradu,

201 1797 338 1863 Purpureos
354 1797 426 1846 rubra
442 1813 505 1863 quos
522 1797 645 1863 sanguinis
662 1796 735 1847 efficit
750 1796 823 1856 unda,

250 1868 332 1930 Quem
345 1867 431 1917 fudere
447 1869 485 1917 sui
500 1869 600 1919 nomine
615 1883 661 1934 pro
672 1868 790 1917 Domini.

200 1939 285 1987 Donas
301 1939 425 1989 insontem
438 1954 486 2006 pro
503 1940 609 1999 Christo,
626 1941 720 2000 Maure,
736 1956 857 1999 cruorem,

249 2010 320 2059 Unde
335 2011 382 2060 tibi
397 2027 496 2071 merces,
512 2027 598 2079 perpes
615 2012 660 2061 erit
675 2012 778 2078 requies.

200 2081 244 2130 Hii
260 2082 382 2133 sublimati
398 2083 462 2131 solio
478 2083 583 2132 resident
599 2083 704 2150 speciali,

249 2153 371 2219 Sanguine
387 2155 430 2220 qui
446 2154 571 2206 Christum
585 2169 742 2221 promeruere
758 2154 835 2220 sequi,

199 2224 229 2274 In
243 2240 347 2275 numero
364 2242 472 2292 quorum
486 2226 575 2275 chorus
591 2238 628 2275 est
643 2226 757 2275 inventus
773 2241 865 2284 earum,
922 2247 942 2279 75

250 2296 371 2362 Sanguine
387 2314 449 2363 quae
465 2297 590 2348 Christum
603 2313 760 2365 promeruere
776 2297 854 2362 sequi,

201 2368 264 2416 Sexu
279 2384 340 2434 quae
355 2368 437 2435 fragili
452 2368 550 2418 devicto
566 2380 647 2419 mente
661 2369 729 2418 virili

248 2437 342 2490 Mirum
356 2440 459 2489 terribili
475 2440 622 2490 succubuere
637 2441 707 2490 neci:

201 2511 253 2559 Hae
269 2522 325 2559 sunt
340 2512 396 2577 quis
412 2511 482 2561 binae
498 2512 620 2561 donantur
635 2513 688 2560 iure
704 2527 817 2570 coronae,

165 2652 254 2696 53vereP.
305 2662 326 2695 54
335 2660 433 2697 gremmota
442 2654 461 2688 P.
511 2655 530 2696 58
540 2653 668 2687 multiszsaix
677 2653 706 2696 legi
712 2658 766 2697 potest
775 2654 796 2686 R.
849 2651 869 2695 63
882 2663 909 2685 ce-

128 2700 163 2734 libe
172 2700 191 2734 P.
238 2699 259 2742 67
269 2710 315 2742 rose,
324 2700 408 2735 rutilonte
417 2702 436 2736 P.
496 2701 517 2734 68
527 2701 598 2745 pociore
608 2702 626 2735 P.
686 2712 706 2744 7¹
715 2700 780 2742 dones,
790 2700 908 2735 insonnemP.

129 2758 149 2792 73
157 2746 306 2791 (andoarium.
318 2748 339 2783 R.
399 2751 420 2792 78
433 2748 582 2783 suocumbueteP.
629 2759 651 2793 79
663 2748 816 2791 he‚bine,corone
826 2748 845 2782 P.
920 2782 921 2785 ,
