2068 3216
199 94 244 142 168

370 185 405 218 DE
420 184 626 219 aruuounumuus
642 156 697 219 VII.
716 187 728 218 2

196 309 292 359 Pinthia
307 310 379 360 fortis
396 328 469 378 eques
486 312 591 378 spondet
607 311 675 377 quod
691 311 730 361 vir
747 312 826 362 bonus
843 323 905 361 esset

244 382 354 449 iurganti
371 399 460 443 secum,
476 382 583 431 Fimbria
598 399 685 432 censor
701 395 757 444 erat,

198 453 248 515 Qui
266 470 317 503 sese
333 470 429 503 causam
444 454 571 503 finiturum
587 467 659 521 negat
675 455 749 515 illam,
905 465 966 510 tm

245 525 341 574 Pinthia
357 542 402 573 nec
417 525 480 574 fama
497 525 557 575 dum
573 526 676 593 spoliare
693 526 765 587 bona,

197 597 314 663 Dumque
326 597 410 646 vitum
423 597 543 663 spondere
556 597 652 647 bonum
664 615 715 646 non
728 599 814 648 audeat
827 599 905 659 illum,

246 668 323 730 Quod
339 667 457 717 diffinitur
472 668 584 718 laudibus
600 670 740 719 innumeris.

198 740 304 789 Consule
320 740 416 807 Papirio
432 740 480 789 fuit
495 741 553 789 urbs
569 741 703 808 Aquilonia
718 742 805 801 clausa,

247 812 312 860 Hinc
327 812 444 879 pullarius
460 812 479 860 it
495 823 592 879 quaerat
608 824 635 861 ut
651 812 783 879 auspitium
792 831 799 873 余

198 884 267 932 Dum
276 900 321 932 nec
329 900 385 933 aves
394 895 526 951 properant
535 901 579 932 nec
588 884 655 933 adest
664 884 706 933 ubi
715 885 815 951 colligat
824 902 906 945 omen,

247 955 329 1004 Omen
345 955 468 1022 Papirium
482 955 545 1004 fallit
561 955 648 1005 habere
664 956 774 1015 bonum余

199 1027 291 1075 Consul
306 1027 425 1093 pellacem
438 1026 568 1094 praeponit
583 1027 609 1076 in
624 1027 721 1093 agmine
737 1040 826 1087 vatem,

248 1098 369 1163 Sanguine
384 1098 475 1147 fallacis
490 1098 569 1166 placet
584 1111 612 1147 ut
627 1100 692 1147 ultro
709 1099 776 1158 deos,

200 1170 246 1218 Seu
262 1186 319 1219 casu
333 1170 443 1237 primum
458 1187 500 1219 seu
516 1171 580 1219 tristi
595 1171 695 1219 numine
711 1171 788 1220 telum

247 1242 398 1291 Prostratum
412 1254 494 1291 vatem
510 1241 615 1291 reddidit
631 1242 782 1301 exanimem余

199 1313 281 1362 Omen
297 1313 347 1362 dux
362 1314 446 1373 credit,
462 1329 546 1362 muros
562 1313 675 1363 invadere
691 1314 767 1373 iussit,

248 1385 341 1433 Urbem
356 1402 415 1433 mox
430 1385 510 1444 intrat,
527 1386 624 1434 moenia
639 1385 787 1452 praecipitat.

199 1456 268 1504 Dum
285 1456 443 1506 Salinatorem
459 1473 570 1505 censores
586 1469 659 1523 atque
675 1458 801 1506 Neronem

247 1529 295 1576 Pro
311 1528 395 1577 rostris
411 1540 493 1594 ageret
508 1528 585 1594 plebs,
601 1528 682 1577 aderat
698 1529 795 1588 Bebius,

199 1600 247 1647 Iste
262 1599 374 1648 tribunus
391 1611 448 1659 erat,
465 1616 591 1649 censuram
607 1600 690 1648 durius
706 1600 785 1666 ipsam

247 1671 286 1719 Illi
302 1683 463 1731 exercuerant,
480 1672 552 1721 Curia
569 1671 643 1720 solvit
659 1688 709 1731 eos,

199 1743 273 1802 Nam,
289 1759 351 1807 quae
366 1742 397 1791 de
413 1744 506 1792 cunctis
523 1754 654 1802 succenset,
671 1759 765 1791 summa
780 1753 889 1809 potestas

247 1814 346 1863 Nullius
362 1814 436 1880 digne
452 1814 540 1863 iuditio
557 1813 656 1863 suberit.

200 1885 370 1952 Condempnat
380 1886 505 1934 Grachum
513 1886 552 1935 lex
560 1886 715 1953 promulgata
724 1885 858 1944 tribunum,

249 1958 292 2005 Est
308 1957 400 2023 agraria
416 1974 477 2024 quae
493 1957 565 2016 dicta,
581 1956 640 2006 furit
655 1957 771 2024 populus,

199 2028 297 2077 Dividit
313 2029 370 2077 hine
386 2044 457 2095 agros
472 2029 508 2077 illi
524 2040 634 2095 praetura
650 2028 750 2088 viritim,

248 2101 308 2148 Eius
325 2111 349 2149 et
364 2101 474 2149 incentor
490 2100 627 2165 seditioque
641 2100 712 2166 perit.

201 2172 327 2220 Humanae
345 2172 453 2220 Socrates
469 2173 580 2220 oraclum
595 2171 685 2237 grande
702 2171 809 2238 sophiae,

250 2243 306 2292 Sola
320 2243 424 2310 petenda
441 2244 488 2292 deo
505 2243 601 2292 disserit
617 2259 668 2291 esse
683 2242 756 2302 bona,

200 2315 265 2363 Nam
281 2315 324 2380 qui
340 2314 370 2363 de
385 2314 451 2363 facili
465 2315 559 2373 tribuit,
576 2314 710 2363 discernere
726 2314 805 2372 novit,

249 2386 348 2451 Quique
358 2403 454 2435 necesse
465 2386 525 2452 quid
535 2397 572 2435 est
582 2397 606 2434 et
616 2385 672 2434 dare
682 2385 770 2450 cuique
780 2396 861 2452 potest
872 2403 878 2444 余

200 2458 271 2505 Mens
286 2458 416 2506 hominum
430 2458 510 2506 densis
523 2458 668 2524 plerumque
682 2468 779 2522 gravata
793 2456 908 2515 tenebris,

249 2529 292 2577 Illa
307 2530 369 2595 petit
385 2546 445 2595 quae
461 2546 513 2577 non
529 2529 663 2577 obtinuisse
679 2528 746 2588 velit,

166 2695 186 2729 26
198 2694 296 2739 diffinitur:
308 2695 404 2739 suprascr.
