2068 3216
457 203 577 238 missum
601 189 637 237 VI

193 331 262 381 Atria
277 333 400 398 progressi
416 344 524 381 mussant
539 331 680 381 altrinsecus
696 332 740 391 illi,

242 411 248 431 ‘
259 403 329 466 Quae
339 415 395 452 sunt
405 420 466 469 quae
476 403 591 452 dominus
597 403 681 463 verba,
687 403 763 469 papel
773 403 903 469 loquitur?

192 476 283 525 Forsan
299 474 411 540 condivit
427 475 473 524 sibi
489 475 557 541 quod
573 475 678 541 genitale
693 474 787 535 recidit,

240 547 296 613 Igni
312 546 455 607 combussit,
471 547 569 596 miscuit
585 558 608 595 et
623 547 710 613 piperi.

193 618 323 685 Numquid
338 635 390 667 non
405 618 480 667 cineri
496 619 600 667 mixtum
615 619 685 684 piper
700 635 752 667 esse
767 618 858 667 notasti
873 619 885 667 ?

241 691 320 740 Rebar
335 707 383 756 ego
400 690 504 739 stolidus
520 690 555 739 sic
570 690 677 739 senuisse
692 691 778 756 piper;

193 763 240 811 Pro
256 762 334 811 muria
350 762 440 811 nostris
456 761 558 811 infertur
574 763 681 811 mentula
697 762 795 821 mensis,

241 834 330 883 Carnes
345 834 434 882 intinxi
450 833 561 883 carnibus
577 834 603 882 in
619 833 714 882 domini
724 834 739 882 ⁵.

193 905 267 955 Urbis
282 922 327 972 per
341 905 400 954 latas
417 906 475 954 haec
490 905 624 971 dispersere
639 906 737 971 plateas,

241 979 336 1027 Rumor
351 988 375 1026 et
391 977 432 1026 hic
446 977 516 1026 vicos
532 993 636 1043 ruraque
651 977 726 1042 longa
741 977 825 1043 replet.

193 1049 277 1098 Foeda
290 1048 444 1099 sacerdotum
459 1049 536 1114 replet
551 1064 620 1098 aures
635 1047 700 1097 fama
716 1047 861 1114 spadonum,

242 1121 357 1184 Quorum
372 1137 431 1169 mox
446 1120 537 1169 holidis
553 1136 671 1169 amoveor
686 1119 789 1181 choreis,

192 1192 314 1242 Arceora
329 1192 425 1259 phanis,
441 1204 513 1241 vetor
528 1192 671 1259 appropiare
687 1191 788 1252 sacellis,
904 1212 935 1245 235

241 1264 359 1329 Sacraque
375 1264 402 1312 si¹
412 1276 511 1329 tangam
525 1264 575 1313 liba
590 1264 716 1330 prophana
731 1274 827 1329 putant,

192 1335 294 1384 Obruor
309 1347 333 1384 et
349 1335 442 1402 spurcis
458 1336 542 1384 inflato
559 1346 657 1401 gutture
673 1335 758 1401 sputis,

240 1408 318 1473 Inque
334 1423 417 1456 meum
432 1423 524 1458 nomen
539 1407 659 1472 flegmatis
675 1406 753 1456 imber
768 1406 844 1456 adest.

193 1478 282 1528 Edicto
298 1490 407 1528 statuunt
422 1496 453 1528 ne
469 1479 523 1545 quis
539 1494 579 1527 me
594 1478 695 1544 colligat
709 1477 778 1539 urbe,

241 1551 273 1598 Et
288 1566 350 1616 quae
366 1552 519 1600 contulerant
535 1550 617 1599 onmia
634 1551 774 1616 surripiunt,
903 1569 937 1601 240

192 1622 245 1670 Nec
261 1633 337 1670 cessat
352 1633 444 1671 tetrum
459 1621 600 1671 subnectere
615 1622 693 1670 tristia
708 1621 794 1682 fatum,

240 1692 403 1743 Accumulans
420 1693 491 1743 dictis
507 1693 627 1742 deteriora
642 1688 728 1753 malis3

192 1765 297 1814 Pessima
313 1766 405 1831 quippe
420 1765 488 1814 volat
503 1765 610 1814 velotior
625 1764 681 1814 alite
696 1766 776 1825 Fama,

240 1837 410 1902 Vulgaturque
426 1837 518 1886 malum
532 1836 653 1903 promtius
670 1853 683 1885 a
698 1837 806 1903 populis.

192 1907 314 1972 Denique,
331 1909 475 1958 commissae
490 1908 585 1958 fuerant
601 1908 644 1973 qui
659 1907 751 1957 fraudis
767 1909 864 1974 iniquae
903 1927 935 1961 245

240 1979 269 2027 In
284 1997 324 2028 me
340 1980 450 2046 signiferi
465 1979 589 2034 nobilibus
606 1980 690 2045 geniti,

192 2051 354 2117 Nequaquam
364 2052 515 2119 obprobium
523 2062 636 2117 poterant
645 2052 748 2100 tolerare
757 2051 901 2118 malignum,

241 2122 292 2184 Qui
308 2124 369 2172 milii
384 2124 467 2173 fatales
480 2123 609 2189 glutierant
625 2123 733 2183 cineres;

192 2193 237 2241 Hii
253 2193 363 2243 biberant
379 2211 479 2245 omnem
493 2194 556 2243 furia
572 2205 672 2260 potante
686 2193 804 2254 furorem,

240 2264 365 2332 Aspirarat
381 2284 423 2316 eos
439 2278 467 2315 ut
482 2277 545 2333 puto
561 2264 725 2331 Thesiphone.
903 2285 937 2318 250

192 2336 339 2387 Perlustrant
354 2339 430 2403 igitur
444 2339 522 2397 lucos,
537 2337 591 2385 loca
607 2336 686 2396 devia,
703 2338 785 2397 saltus,

241 2408 319 2457 Urbes
335 2421 408 2475 atque
424 2426 504 2476 agros,
520 2424 624 2473 ruraque
640 2425 682 2457 seu
697 2408 806 2468 frutices,

193 2478 309 2529 Cruribus
326 2481 428 2531 effractis
444 2481 505 2530 mihi
521 2480 564 2545 qui
579 2479 738 2546 manibusque
754 2481 836 2529 recisis

240 2551 345 2601 Invento
360 2554 471 2619 linguam
486 2551 638 2601 detraherent
654 2552 758 2618 opicam.

159 2676 191 2709 227
200 2667 323 2712 (numquid).‚..
332 2682 369 2705 non
377 2673 394 2706 t'n
402 2683 434 2705 ras,
483 2669 515 2714 236
523 2676 596 2713 putant:
605 2680 618 2702 n
631 2676 709 2713 suprascr.
762 2681 793 2714 237
804 2670 882 2714 spurcis:
893 2682 902 2704 r

121 2720 199 2757 suprascr.
247 2717 336 2761 (spu).(tis)
347 2730 380 2754 ras.
429 2730 460 2763 ²53
473 2716 622 2761 (effractis),(mihi)
631 2728 663 2752 ras.
