2068 3216
443 228 562 263 ansatus.
584 214 624 262 IV

105 356 107 358 ’
175 356 263 405 Ideum
277 355 387 422 peditem
401 354 496 404 fundali
513 367 618 404 sternere
634 356 706 414 iactu,

224 427 354 476 Obiectare
369 428 432 475 truci
448 427 556 485 Deifebo
573 427 687 493 clipeum,

175 499 227 548 Aut
243 515 317 565 eques
334 499 417 557 exiret,
433 498 507 564 pedes
524 511 565 547 aut
581 499 607 546 in
622 499 716 564 proelia
733 515 797 559 seva,

224 570 390 635 Quadriiugis
401 570 463 618 altus
479 582 521 618 aut
537 570 666 619 veheretur
681 571 759 635 equis,
790 613 792 615 ,
855 574 857 580 ’

174 642 279 691 Calleret
294 641 382 696 validis
393 640 463 690 *ferus
480 658 545 690 arma
561 653 641 690 rotare
656 642 759 701 lacertis,

224 713 351 763 Hostiset
367 713 480 761 audacter
495 726 563 778 terga
578 712 651 762 ferire
668 714 714 772 sui,

174 784 264 834 Nudus
281 784 404 833 brumales
421 800 491 834 enare
506 786 624 850 rapaciter
640 801 722 833 amnes

223 856 346 905 Imbribus
363 869 472 905 excretos
489 869 530 905 aut
546 857 629 904 nimiis
645 856 752 916 nivibus,

175 928 310 976 Emathios>
320 940 393 976 uncta
408 928 508 977 iuvenes
526 943 638 994 superare
653 929 765 993 palestra,

223 999 485 1048 Fundere‘Centauros
502 999 608 1047 cestibus
625 1000 760 1060 Herculeis,

175 1072 283 1119 Macram
298 1071 441 1120 transmisso
457 1072 557 1119 Danaos
573 1083 631 1138 post
646 1072 833 1136 ponerezdisco,

223 1142 322 1208 Aprum
336 1142 443 1191 venablo
459 1142 598 1191 comminus
614 1143 724 1209 excipere
735 1162 747 1193 :¹

174 1213 291 1262 Dotibus
301 1214 339 1262 his
356 1214 434 1263 clarus
451 1214 545 1263 Pelides
561 1225 634 1279 atque
650 1214 769 1281 superbus

224 1285 347 1334 Omnibus
364 1286 467 1352 insignis
484 1285 621 1334 Thessaliae
636 1286 753 1353 populis;

175 1356 295 1405 Semiferi.
305 1374 389 1407 suasus
405 1374 457 1406 non
472 1356 538 1423 fugit
554 1373 624 1423 saepe
641 1374 747 1418 severos,

223 1430 283 1479 Non
298 1428 364 1494 fugit
380 1429 483 1478 salebras
499 1429 565 1478 illius
581 1446 609 1477 ac
624 1428 720 1478 ferulas.

175 1499 214 1548 Tu
230 1500 308 1566 magis
325 1500 412 1550 exaudi
427 1513 554 1567 praecepta
571 1500 683 1561 salubria,
700 1500 743 1561 fili,

224 1572 294 1634 Quae
310 1573 330 1621 si
347 1573 449 1621 servaris
466 1589 518 1621 non
533 1573 670 1620 inhonorus
687 1573 742 1622 eris.

175 1643 265 1692 Nullus
281 1644 308 1692 in
323 1645 362 1693 his
379 1643 462 1702 sudor,
479 1660 574 1693 servare
589 1660 634 1692 nec
650 1660 734 1710 aspera
750 1645 849 1704 mando,

224 1715 291 1763 Haec
306 1715 413 1764 iocunda
429 1715 501 1764 bonis
518 1732 570 1764 esse
586 1728 709 1764 memento
725 1717 794 1765 viris.

174 1786 270 1851 ignitus
288 1803 353 1835 sacra
369 1803 444 1852 quem
459 1786 592 1835 carbonem
607 1787 699 1836 cherub
715 1804 755 1836 ara

223 1857 326 1923 Forcipe
343 1859 461 1924 surripuit
476 1870 500 1907 te
516 1870 606 1923 coquat
621 1859 678 1924 igne
695 1876 757 1918 suo;

175 1929 296 1977 Exuratur
312 1948 339 1979 ea
356 1931 483 1995 suggestio
500 1931 573 1978 noxia
589 1930 693 1989 flamma,

223 2001 311 2050 Dulcis
328 2018 476 2050 consensum
491 2019 522 2050 ne
538 2001 637 2066 laqueus
654 2002 748 2067 capiat;

176 2071 227 2133 Qui
243 2085 267 2121 te
283 2073 417 2139 sulphureo
435 2072 559 2121 succendit
575 2084 683 2121 caumate
699 2073 773 2121 carbo

223 2144 419 2210 Imflammatque
434 2157 506 2193 tuum
520 2156 605 2210 pectus
622 2144 702 2193 adhuc
718 2157 837 2204 tenerum,

175 2216 226 2277 Qui
243 2216 346 2264 flammis
364 2216 455 2281 Stigios
471 2216 517 2264 tibi
532 2216 609 2264 nutrit
625 2215 748 2264 atrocibus
764 2217 842 2282 ignes,

223 2288 297 2336 Hunc
313 2299 348 2346 tu,
366 2304 427 2346 care,
444 2288 492 2335 tuis
509 2287 587 2336 exime
602 2287 755 2346 visceribus;

174 2358 293 2407 Flammas
311 2359 398 2423 Cocyti
414 2358 512 2408 divinus
530 2360 665 2425 supprimat
680 2359 753 2424 ignis,

223 2429 315 2496 Turpia
330 2447 375 2479 nec
391 2431 462 2478 castis
479 2431 632 2495 praevaleant
648 2431 764 2479 monitis

139 2702 171 2733 124
182 2692 238 2736 capiat
247 2704 286 2726 corr.
296 2703 318 2726 ex
327 2692 381 2736 pariat
390 2691 412 2725 al.
423 2703 471 2733 azau,
481 2703 491 2725 c
500 2698 515 2726 et
525 2704 536 2736 p
546 2699 625 2736 strprasu.
676 2703 704 2735 125
717 2693 811 2735 (cau).(ate)
822 2704 861 2735 raa,
872 2705 889 2727 m

100 2746 181 2784 suprascr.
