2068 3216
440 211 560 245 murum
587 197 611 245 X

216 341 303 389 Fuscat
320 356 394 405 quem
409 339 497 388 fornax
512 339 587 388 carbo
603 338 644 388 vel
660 339 725 405 ignis
742 338 810 399 edax,

167 411 253 461 Nescit
268 422 346 460 aratra
361 412 427 460 cavis
443 422 486 459 aut
502 412 594 460 semina
609 410 716 460 condere
732 411 814 470 sulcis,

216 485 366 550 Ignoratque
381 499 467 532 nemus
484 483 589 549 qualiter
604 482 735 542 inseritur;

168 555 219 618 Qui
235 554 449 621 iacitaccipitrem
464 554 592 603 demittere
608 566 693 603 cautus
709 566 812 614 anatem,

217 628 335 677 Surorum
350 626 432 692 nigras
448 626 547 675 consuit
563 626 628 675 haud
644 626 751 692 caligas;

168 698 248 748 Serica
263 709 398 747 contexunt
415 698 466 763 qui,
481 698 555 763 pallia
572 698 664 763 quique
679 709 796 765 tapetum,

217 769 318 820 Subtilis
334 770 402 818 lanae
417 781 513 818 nectere
529 769 570 818 fila
586 770 674 829 sciunt,

169 841 272 891 Zodiaci
288 841 400 907 geminae
416 857 478 906 quae
494 842 542 889 sint
558 841 665 890 ediscere
680 853 765 908 portae

216 915 379 973 Praetereunt,
395 913 459 978 tingi
475 929 519 961 cur
533 924 607 979 pavet
622 929 678 961 ursa
694 913 763 962 mari.

168 985 236 1051 Ergo
252 984 299 1034 tibi
314 995 377 1034 noto
393 984 454 1033 caeli
470 984 500 1033 de
517 983 594 1033 sidere
611 984 700 1045 scribo,
726 1016 728 1020 ι

217 1058 249 1105 Et
266 1057 327 1122 quid
343 1057 459 1123 opinetur
473 1071 529 1123 pars
546 1055 612 1104 bona
627 1071 714 1123 parsve
730 1057 779 1105 mal
796 1096 800 1106 .

168 1128 234 1179 Nam
249 1128 372 1178 mundana
388 1128 442 1194 regi
458 1128 501 1193 qui
517 1127 620 1176 credunt
636 1127 714 1177 sidere
729 1128 798 1188 caeli,

218 1199 324 1249 Suadent
340 1198 366 1248 id
382 1199 449 1249 credi
465 1201 517 1248 non
533 1200 628 1248 ratione
643 1199 730 1259 brevi;

168 1271 283 1337 Denique
298 1270 425 1320 caelitibus
441 1271 588 1336 consignant
604 1271 682 1320 sidera
698 1270 771 1330 divis,

217 1344 334 1409 Haecque
348 1343 478 1410 potestatis
495 1359 547 1391 esse
561 1354 649 1409 putant
663 1343 775 1409 logicae;

168 1413 296 1463 Assertant
311 1414 443 1465 hominum
459 1415 577 1480 genituris
593 1414 635 1463 iila
650 1430 767 1480 praeesse,

217 1487 384 1552 Fatorumque
399 1487 465 1535 vices
482 1487 534 1552 ipsa
550 1498 631 1535 tenere
647 1486 743 1535 volunt.

169 1556 203 1605 At
220 1559 269 1623 qui*
278 1573 353 1625 posse
368 1569 456 1625 putant
472 1557 601 1606 decernere
617 1558 695 1607 sidera
711 1558 851 1623 quicquam,

218 1631 302 1678 Restat
317 1641 346 1678 ut
361 1629 421 1678 haec
436 1641 562 1696 tamquam
577 1630 678 1680 numina
693 1629 754 1678 falsa
769 1629 868 1689 colant;
898 1641 919 1671 80

169 1700 236 1751 Nam
250 1700 379 1752 formidari
395 1700 455 1750 deus
472 1700 538 1750 unde
554 1713 626 1766 queat
641 1701 682 1750 vei
698 1702 782 1760 amari,

218 1773 253 1822 Ni
269 1772 332 1823 mala
348 1773 474 1822 subvertat
489 1784 514 1821 et
530 1772 595 1821 bona
611 1772 772 1821 constituat?

169 1844 209 1892 De
224 1845 300 1910 gestis
316 1844 448 1895 hominum
462 1843 551 1893 factori
566 1861 618 1893 non
634 1844 705 1893 datur
720 1843 807 1905 ullum,

219 1916 244 1964 Si
259 1927 328 1982 regat
343 1915 390 1965 hos
405 1915 492 1975 fatum,
508 1932 622 1983 promere
637 1916 764 1965 iudicium.

170 1986 276 2036 Condita
292 1988 336 2053 qui
351 1987 454 2037 credunt
470 1987 515 2036 hac
531 1987 609 2037 sidera
625 1988 780 2046 condicione,
898 1999 918 2038 85

218 2058 308 2107 Tristia
324 2075 375 2125 quo
391 2059 486 2109 miseris
504 2060 642 2125 ingererent
657 2059 765 2126 populis,

169 2130 209 2178 De
225 2146 343 2198 superum
357 2131 424 2179 iusto
441 2131 538 2197 sapiunt
554 2131 643 2180 iniusta
660 2142 744 2180 senatu

219 2202 244 2250 Si
261 2202 325 2253 mala
341 2202 471 2251 distribuat
486 2203 553 2251 curia
569 2204 631 2251 iusta
646 2203 716 2270 poii;

169 2271 272 2323 inferret
287 2290 393 2340 regnum
409 2275 429 2323 si
446 2274 553 2340 quodvis
569 2276 627 2340 iuge
641 2275 762 2341 periclum

218 2346 335 2396 Humano
352 2346 444 2412 generi,
461 2346 577 2395 debuerat
593 2346 684 2396 dirimi.
898 2366 920 2397 90

171 2416 232 2465 Sunt
248 2417 292 2483 qui
307 2432 381 2484 posse
398 2418 446 2466 deo
463 2419 595 2484 sumpsisse
610 2417 717 2466 fatentur
732 2416 763 2465 ab
780 2417 835 2482 ipso

217 2488 299 2548 Astra,
315 2506 361 2537 nec
376 2489 478 2538 arbitrio
495 2489 556 2555 quid
571 2490 689 2538 trutinare
705 2505 759 2547 sue,

25 2566 86 2611 t140
168 2558 268 2608 Actoris
285 2560 328 2609 sed
343 2561 408 2609 velle
424 2562 501 2626 sequi,
518 2579 563 2610 nec
578 2577 651 2627 posse
667 2560 742 2609 relabi

132 2676 154 2711 68
165 2677 249 2721 nec(tere)
260 2679 277 2712 in
288 2690 320 2713 ras.
370 2682 390 2713 88
403 2679 421 2713 vi
457 2679 557 2713 curiaiusta
569 2678 673 2723 potiturus.
723 2682 743 2722 89
755 2678 832 2723 quodvis
845 2679 885 2724 iuge

97 2723 182 2769 periclum
190 2727 207 2759 in
215 2737 248 2760 ras.
