2068 3216
812 197 842 242 14

330 270 365 304 Du
380 267 589 304 Muuouamuraus
605 252 649 300 VI.
669 270 679 314 3
845 197 859 243 7

146 399 176 447 In
192 398 334 465 Capitolino
350 398 397 447 sibi
413 399 476 448 colle
492 398 532 447 vel
549 412 602 446 arce
619 412 730 462 suprema

195 471 335 518 Praesumat
350 487 381 519 ne
394 470 449 536 quis
465 468 591 519 aedificare
606 469 674 517 lares.

147 542 232 591 Clarus
249 542 299 590 iam
314 541 418 607 geminis
433 542 522 600 fueras,
538 541 656 600 animose,
672 539 812 606 triumphis,

196 613 272 672 Cassi,
289 624 326 661 ter
342 614 429 662 consul
445 614 494 662 iam
509 629 610 680 quoque
624 613 787 679 praecipuus;

146 684 295 733 Ambicione
312 700 366 733 reus
382 685 476 751 puniris
493 685 584 733 uertice
600 700 690 742 caesus,

196 758 250 807 Nec
266 768 395 805 contentus
412 773 444 805 eo
460 756 582 823 supplicio
597 756 705 822 populus

147 829 207 876 Iecit
223 839 346 876 tectorum
362 839 469 894 stragem
485 843 557 895 super
572 844 627 876 ossa
643 839 760 876 tuorum:

196 899 293 948 Aedem
309 899 414 949 Telluris
430 916 484 948 area
499 911 578 965 gestat
594 917 628 948 ea.

148 972 181 1019 Et
198 971 329 1020 Saturnino
345 970 374 1020 fit
389 971 466 1030 idem,
479 970 507 1019 fit
523 971 589 1020 idem
606 987 705 1036 quoque
721 969 802 1029 Flac0‚

196 1041 301 1091 Menbra
317 1058 391 1109 super
407 1059 515 1110 quorum
530 1060 585 1091 saxa
601 1042 691 1091 cadunt
707 1041 837 1090 domuum.

148 1113 248 1180 Magne,
264 1130 364 1173 novem,
382 1114 459 1173 Muci,
475 1114 582 1180 collegas
598 1115 656 1180 igne
671 1113 784 1161 tribunos

198 1186 329 1234 Consumis
346 1187 418 1234 vivos
435 1181 536 1252 perfidia
552 1185 679 1253 reprobos,

148 1257 240 1324 Hiique
256 1258 293 1306 tui
309 1257 371 1306 socii
386 1256 490 1317 fuerant,
507 1275 523 1305 o
539 1256 630 1324 perfide
648 1257 723 1316 Cassi,

197 1328 249 1391 Qui
265 1329 317 1377 sine
332 1329 485 1396 principibus
502 1346 553 1377 esse
569 1345 655 1377 mones
671 1328 802 1393 populum,

147 1400 250 1467 Absque
266 1401 410 1466 magistratu
426 1412 480 1449 ruat
496 1412 524 1448 ut
540 1417 577 1449 res
593 1400 691 1466 publica
707 1411 783 1458 certo,

197 1472 229 1520 Et
246 1473 277 1520 sit
292 1472 381 1538 praeda
398 1473 447 1520 suis
464 1472 576 1521 hostibus
593 1472 710 1538 exposita.

148 1542 262 1592 Traditus
279 1560 304 1592 es
322 1544 413 1602 Corsis,
430 1555 528 1610 turpem
542 1559 628 1610 pacem
643 1544 708 1610 quia,
726 1541 807 1600 Clodi,

196 1615 248 1663 Illis
264 1615 408 1681 componis:
425 1615 534 1664 redditus
551 1615 608 1664 inde
623 1615 704 1673 redis;

148 1686 250 1751 Cogeris
267 1687 293 1734 in
309 1686 376 1735 duris
393 1688 499 1735 animam
514 1687 637 1754 deponere
652 1685 749 1743 uinclis,

197 1757 289 1806 Pendes
306 1758 332 1806 in
348 1759 426 1817 scalis,
443 1770 548 1818 mortue,
566 1758 704 1807 Gemoniis.

147 1829 234 1878 Italico
250 1845 341 1878 resecas
358 1829 459 1896 digitos,
476 1830 589 1889 Veciene‚
607 1829 717 1878 sinistros

197 1901 275 1960 Bello,
292 1918 323 1949 ne
339 1901 424 1950 subeas
441 1901 526 1949 militis
542 1901 665 1960 offitium;

149 1972 222 2021 Curia
238 1983 262 2020 te
278 1983 341 2021 tetro
358 1972 416 2021 facit
433 1973 553 2039 exspirare
569 1973 615 2021 sub
631 1984 709 2030 antro,

197 2043 307 2092 Publicat
322 2043 363 2092 illa
379 2055 444 2103 tuos,
461 2044 537 2093 diruit
552 2056 625 2110 atque
640 2045 708 2092 lares.

147 2116 279 2164 Delectum
295 2115 383 2164 Curius
399 2116 488 2164 faceret
505 2115 566 2164 dum
581 2115 665 2164 militis
681 2115 757 2174 urbis,

197 2185 289 2235 Reddit
305 2203 452 2252 responsum
467 2204 542 2235 nemo
558 2187 605 2236 sibi
620 2188 755 2246 iuvenum;

149 2259 296 2324 Expugnare
312 2269 391 2307 truces
409 2259 496 2307 consul
513 2271 649 2325 susceperat
665 2258 757 2318 hostes,

198 2329 270 2378 Unde
285 2330 404 2395 legendus
421 2343 471 2379 erat
487 2331 557 2379 miles
574 2342 598 2379 et
614 2346 679 2378 arma
695 2330 769 2388 duci;

149 2400 260 2450 Sortibus
278 2416 338 2466 ergo
355 2401 425 2460 datis,
441 2401 520 2450 tribus
537 2402 586 2450 exit
601 2402 686 2461 Pollia,
703 2417 794 2450 nomen

198 2472 273 2521 Cuius
289 2473 400 2539 primatis
416 2473 529 2538 protinus
545 2488 606 2521 urna
622 2473 697 2532 dedit,

148 2543 267 2609 Praecipit
282 2544 374 2609 inquiri
391 2545 452 2609 quid
467 2559 628 2610 responsurus
645 2545 685 2593 hic
701 2556 771 2603 esset,

4 2624 19 2662 s.
30 2625 52 2671 63
198 2615 249 2677 Qui
265 2631 349 2680 parere
365 2627 438 2681 negat
454 2617 562 2664 consulis
579 2617 697 2682 imperi03

122 2744 132 2776 7
145 2734 261 2777 (su).(prema)
272 2745 305 2768 ras.
373 2746 394 2767 10
405 2734 464 2769 Cassi:
477 2747 489 2769 o
499 2736 529 2778 sig.
544 2745 574 2769 aar.
588 2742 675 2779 saprum·
744 2746 764 2778 14
776 2735 862 2779 (adema.

76 2781 158 2825 (telluris)
169 2793 202 2816 ras.
252 2792 271 2823 17
283 2781 342 2815 muci:
354 2794 366 2816 ο
374 2784 403 2825 sig.
412 2793 442 2816 vor.
450 2789 530 2826 saprascr.
580 2795 599 2826 23
612 2782 671 2817 clodi:
684 2795 696 2817 o
707 2785 736 2825 sig.
745 2795 775 2817 arc.
784 2790 862 2828 suprascr.
