2068 3216
784 216 802 250 ,ι

315 287 350 320 oa
365 286 574 321 Mauonnammus
589 272 621 321 V.
639 271 653 319 6
809 217 838 262 35

190 411 234 455 DE
251 410 444 455 SEVERITATE
458 411 588 457 PATRUM
604 411 638 455 IN
653 411 782 457 LIBEROS

470 522 484 570 6

131 629 218 678 Gloria
232 643 276 695 pat
292 629 369 677 Bruto
386 628 457 677 datur
471 628 615 696 ingentique
632 629 746 692 Quirino,

165 700 167 704 ⁴
180 699 297 752 Condidit
313 700 353 748 hic
369 701 482 760 Romam,
497 699 584 749 liberat
598 701 659 749 altet
675 718 744 761 eam;

131 772 293 839 Tarquinium
308 771 378 819 Bruti
393 787 507 821 revocate
522 773 611 821 volunt
627 773 685 840 quia
700 774 758 833 nati,

178 843 220 892 Ad
235 844 320 910 palum
332 843 421 909 teligat
436 843 628 911 verberibusque
644 844 735 904 domat,

130 915 228 964 Vettice
245 932 307 983 quos
324 915 389 964 ebeti
404 914 506 964 caedens
522 915 553 964 de
568 931 638 964 more
654 917 731 965 secuti
868 938 876 970 ς

179 987 250 1037 Natis
267 986 309 1036 sed
324 986 406 1051 pravis
422 986 497 1035 orbus
514 987 583 1035 obite
598 987 662 1036 tulit.

130 1058 234 1108 Affectat
250 1074 355 1124 regnum
370 1057 417 1106 sibi
432 1058 587 1107 conciliando
602 1059 731 1126 popellum

178 1130 262 1190 Filius,
279 1129 387 1189 o-Cassi,
404 1130 496 1197 quippe
511 1129 624 1179 tribunus
640 1142 706 1190 etat;

56 1245 57 1248 ,
130 1201 375 1267 Magnattibunatus
392 1212 420 1249 ut
435 1201 488 1249 iuta
503 1203 599 1267 peregit
615 1201 733 1268 ephebus,

179 1273 254 1333 Cassi,
270 1284 390 1338 cognatos
406 1273 502 1338 colligis
518 1273 570 1340 ipse
587 1273 663 1333 domi,

130 1346 162 1392 Et
178 1344 255 1411 virgis
271 1360 369 1393 caesum
384 1345 499 1393 iuvenem
514 1344 588 1394 tradis
604 1345 783 1411 perimendum,

178 1417 293 1483 Denique
308 1416 437 1465 convictus
453 1416 593 1465 ambitionis
610 1428 667 1466 etat.

129 1488 191 1536 Iuris
208 1487 324 1537 Manilius
340 1488 420 1536 civilis
435 1488 546 1536 acumina
562 1488 657 1547 doctus,

177 1560 290 1609 Imbutus
301 1560 379 1608 vsactis
395 1559 541 1626 pontificum
558 1559 652 1619 studiis,

130 1631 210 1680 Patres
227 1631 258 1680 de
273 1642 332 1680 nato
348 1631 384 1679 nil
400 1630 500 1680 definite
517 1631 598 1680 Silano

179 1704 270 1751 Exorat
286 1703 365 1751 donec
380 1703 477 1770 plenius
492 1703 545 1769 ipse
561 1703 637 1762 sciat;

129 1774 253 1823 Accusant
269 1773 395 1823 Macetum
409 1774 484 1839 legati
499 1769 565 1823 lucta
581 1786 700 1834 secutum,

178 1845 220 1894 Ad
236 1862 299 1911 quos
316 1845 421 1894 directus
438 1845 525 1894 consul
541 1857 591 1899 etat
606 1846 719 1906 iuvenis;

130 1917 232 1966 Mandat
246 1918 350 1983 legatos,
366 1917 482 1966 iuvenem
498 1917 668 1983 quosdamque
684 1932 781 1966 severos

177 1989 295 2047 Discutit,
311 2000 336 2037 et
352 2005 449 2037 causam
464 1989 571 2055 reppetit
587 2000 659 2057 atque
675 2004 752 2048 teum,

129 2060 175 2109 Pet
191 2060 295 2109 biduum
310 2060 354 2109 tali
369 2072 439 2109 vacat
454 2059 520 2109 idem
535 2061 681 2125 cognitioni,

178 2131 262 2180 Tereia
277 2131 320 2180 lux
335 2131 421 2191 oritur,
438 2131 512 2182 dictat
528 2142 552 2180 et
567 2132 612 2180 ista
627 2143 711 2199 patet:

131 2204 218 2252 «Cum
234 2203 266 2251 sit
282 2203 410 2251 convictus
426 2203 522 2251 luctum
539 2204 669 2270 sumpsisse
686 2204 789 2263 Silanus,

177 2273 313 2339 indignum
327 2275 406 2340 patria
421 2274 487 2323 duco
503 2274 630 2340 domoque
646 2291 699 2323 mea
707 2293 739 2334 »3

129 2346 254 2413 Obstupet
270 2345 352 2394 audita
367 2346 463 2394 iuvenis
480 2362 540 2394 mox
555 2363 617 2395 voce
632 2358 740 2412 patema,

178 2418 249 2465 Facta
264 2429 338 2465 nocte
353 2417 417 2465 ttuci
433 2434 458 2465 se
473 2417 572 2484 perimit
587 2417 692 2484 laqueo;

129 2489 197 2537 Vitat
213 2489 326 2555 exequias
342 2500 411 2555 patet
426 2489 478 2537 eius
495 2488 664 2548 dedecoro-sas,

178 2561 232 2610 Nec
249 2561 317 2627 quasi
333 2575 381 2626 pto
395 2571 454 2608 nato
470 2560 582 2625 lugubris
599 2571 635 2609 est
650 2561 770 2627 ptoptio;

129 2633 244 2698 Namque
259 2642 355 2698 patrem
370 2632 421 2679 nati
436 2631 513 2696 pudet
529 2632 671 2680 inmemotis
689 2643 829 2691 statuarum,

93 2809 100 2840 5
114 2797 160 2832 ebeti
169 2813 188 2826 =
198 2797 263 2831 hebeti.
313 2808 332 2831 10
345 2797 403 2831 Cassi:
416 2808 427 2831 ο
438 2799 467 2839 sig.
480 2808 510 2831 aaa
521 2804 601 2842 saprascr.
