2068 3216
229 158 279 204 244

401 233 435 265 ou
451 230 658 265 Mauonnummus
674 216 720 264 IX.
740 216 768 264 16

225 357 304 406 Natus
321 358 411 418 Piceni,
428 358 578 407 vehementis
596 358 725 407 sedicionis

274 429 372 496 Anceps
389 431 503 479 Romano
519 446 590 478 causa
605 429 653 479 fuit
668 430 772 498 populu.

226 500 350 550 Herofilus
367 500 475 550 Marium
490 500 544 561 tibi,
562 501 619 550 Silla
634 501 711 561 ferox,
727 502 856 551 inimicum

274 573 344 622 Dum
360 572 408 622 sibi
423 573 494 621 iactat
510 589 592 632 avum,
608 573 678 639 plebs
694 574 745 622 cito
761 573 838 623 credit
854 575 876 623 ei
887 578 905 634 ;’

225 642 343 693 Admittit
358 645 465 712 propriis
482 646 607 693 Romanos
625 646 711 694 Caesar
726 646 752 694 in
767 646 854 706 hortis,

274 716 345 765 Vires
362 716 465 782 Pompei
480 715 595 765 contudit
610 728 638 765 ut
653 717 757 776 iuvenis,

226 787 350 836 Herofilus
362 787 450 838 'multis
466 787 629 837 circumdatus
646 806 701 837 ecce
717 789 834 838 ministris

274 860 413 925 Purpureus
429 858 524 925 profert
539 859 614 908 verba
631 861 714 909 salutis
731 861 769 920 ei;

227 931 320 991 Caesar,
338 931 451 997 quisnam
466 931 505 990 sit,
523 931 553 979 de
570 931 728 996 stipatoribus
744 932 820 992 audit,

275 1003 380 1051 Horruit
395 1014 423 1051 ut
439 1014 579 1051 monstrum
594 1004 701 1069 moxque
717 1003 804 1069 ligavit
820 1007 884 1064 eum,

227 1075 301 1122 Extra
317 1091 391 1140 quem
407 1075 489 1123 Latios
500 1074 565 1123 fines
582 1074 640 1123 facit
656 1075 755 1135 exiliari,
801 1079 802 1083 ’

275 1147 381 1194 Romam
397 1145 502 1194 sublato'
511 1147 611 1195 Caesare
627 1147 670 1212 qui
686 1146 775 1206 rediit;

227 1216 323 1266 Tractat
339 1218 472 1266 consilium
486 1218 572 1284 perdat
589 1234 636 1283 qua
653 1229 732 1267 morte
749 1230 853 1278 senatus,

276 1289 382 1338 Carceris
399 1289 456 1338 hinc
472 1290 548 1338 caecis
565 1289 659 1354 deperit
675 1290 701 1337 in
716 1290 829 1339 tenebris.

227 1358 315 1409 Extitit
330 1361 439 1426 Augusti
455 1361 498 1427 qui
515 1378 539 1409 se
555 1361 642 1409 iactare
657 1373 785 1426 nepotem*

274 1433 304 1481 In
319 1433 497 1481 conventiculis
514 1449 566 1480 non
581 1433 673 1481 veritus
689 1432 771 1492 fuerit,

227 1502 331 1552 «Mater
346 1515 428 1563 erat»,
450 1503 541 1563 dicens,-
564 1505 700 1563 «Octavia,
721 1504 822 1553 tradidit
837 1505 878 1553 illa

275 1571 365 1624 Ut'me
380 1575 484 1624 nutriret
499 1576 621 1641 agricolae
637 1575 731 1635 Gabiis,

227 1646 320 1695 Subicit
336 1647 376 1695 hic
392 1659 484 1706 natum,
502 1663 576 1712 quem
592 1648 663 1695 matri
679 1648 746 1695 misit
761 1648 787 1695 in
803 1647 897 1707 urbem,
941 1658 953 1694 f.
967 1670 998 1703 103

275 1717 366 1784 Meque
382 1718 452 1767 domi
467 1719 563 1778 retinet,
580 1718 641 1767 dicit
657 1730 680 1767 et
696 1736 748 1767 esse
765 1720 853 1778 suum;
930 1723 932 1726 ’

225 1790 320 1838 Interea
334 1790 410 1855 longa
425 1790 531 1838 tardatus
549 1790 681 1849 debilitate,

275 1860 355 1910 Mater
370 1861 431 1910 dum
446 1862 516 1921 vixit,
532 1861 618 1910 adfore
634 1878 686 1909 non
701 1862 776 1921 valui,

225 1932 323 1981 Adsum
331 1950 405 1992 nunc,
416 1933 490 1992 cives,
501 1932 566 1981 bona
576 1933 678 1992 reddite,
689 1949 788 1998 quaes0,
797 1945 898 2000 paterna
908 1935 913 1982 l
924 1951 938 1982 »

274 2005 312 2052 Fit
323 2005 404 2070 gravis
415 2005 473 2052 hinc
489 2016 580 2064 motus,
591 2021 649 2052 nam
658 2004 724 2053 favet
735 2004 793 2053 huic
802 2005 911 2073 populus
922 2023 928 2065 ;

224 2076 303 2125 Audit
320 2076 380 2125 dum
396 2076 477 2135 divus,
494 2091 567 2141 super
582 2076 620 2124 his
636 2075 708 2124 valde
724 2077 897 2136 stomachatur,

273 2149 339 2197 Nam
355 2146 492 2196 diffamatur
507 2147 617 2213 legitime
634 2148 739 2213 genitus,

224 2218 335 2267 Affixum
350 2235 418 2267 remo
435 2218 503 2267 iubet
519 2219 627 2284 expirare
642 2219 747 2267 triremis

273 2291 392 2339 Pellacem
407 2290 498 2349 medic,
514 2290 587 2357 plebe
603 2301 723 2357 stupente,
739 2290 805 2340 foro.

224 2361 400 2428 Cappadocum
415 2377 499 2427 regem
515 2363 590 2410 morti
606 2361 706 2410 dederas
722 2362 858 2422 Ariathem,

272 2434 375 2492 Antoni,
392 2444 459 2481 totus
475 2445 578 2482 noverat
594 2433 643 2481 hoc
660 2434 766 2493 Oriens;

223 2504 341 2553 Barbarus
358 2505 459 2553 eximiae
476 2505 562 2553 similis
579 2522 630 2553 sese
647 2504 748 2553 stabiliri

271 2576 376 2625 Affectat
391 2576 469 2625 viduo
487 2576 662 2643 Cappadocum
678 2577 751 2635 solio,

188 2753 206 2786 15
220 2751 304 2776 senatum.
355 2754 374 2785 33
389 2743 461 2776 eximiae
471 2759 488 2770 =
497 2742 564 2776 eximie.
