2068 3216
226 161 276 220 416

419 245 553 280 MIRACULA
569 246 587 280 s.
604 246 744 280 struentem

229 373 337 423 Auribus
354 374 380 422 in
396 374 483 423 sanctis
500 374 583 423 sonuit
599 390 710 424 murmur
725 391 798 441 grave
815 376 911 435 mentis,

276 447 456 505 Percunctatus‚
472 446 506 494 ait
522 445 590 512 quod
606 446 712 512 graviter
728 448 825 496 tumuit.

229 517 309 567 Saevit
325 517 378 567 dira
393 516 469 566 fames
485 534 530 566 nec
546 516 635 567 habent
652 519 740 583 quinos
756 519 804 568 nisi
820 535 902 585 panes,

276 589 389 638 Curritur
404 588 436 638 ad
451 589 550 649 iustum,
567 605 618 655 quo
633 589 694 639 ferat
710 590 828 640 auxilium
837 610 846 650 ;'

229 661 309 710 «Cras
326 661 403 721 erit»,
422 660 475 710 infit
491 660 533 720 eis,
553 660 685 710 «alimenti
700 661 771 729 copia
786 662 858 711 vobis
868 680 899 721 »3
938 670 952 706 f.
966 673 999 717 167

277 734 309 781 Et
325 733 362 782 bis
378 744 493 781 centenos
510 733 650 798 repperiunt
665 733 771 783 modios.

228 804 351 853 Fratribus
368 804 394 852 in
410 804 504 853 somnis
520 804 598 853 adstat
614 804 659 853 sub
675 816 786 871 tempore
801 806 890 866 noctis,

278 876 348 939 Quae
363 876 417 925 loca
433 876 481 925 sint
497 875 607 925 claustris
623 892 732 943 congrua
749 878 828 944 signat
844 878 898 948 eis„

230 947 281 1010 Qui
297 948 378 1014 questi
394 947 497 997 redeunt
512 959 537 997 et
551 963 596 996 cur
610 964 662 997 non
678 948 772 998 venerit
787 950 863 1009 aiunt,

279 1019 341 1082 Quis
357 1031 456 1085 agerent
472 1019 533 1069 dixit
548 1020 612 1069 visio
629 1020 697 1085 quod
713 1020 805 1070 docuit.

229 1091 290 1140 Non
302 1092 354 1140 sine
365 1091 463 1141 virtutis
476 1090 540 1140 cadit
552 1091 601 1140 ulla
613 1091 706 1141 locutio
718 1093 792 1158 patris

279 1163 397 1223 Pondere,
409 1178 452 1211 cor
463 1163 532 1212 cuius
548 1180 600 1212 non
616 1163 671 1212 fluit
687 1164 807 1223 exterius;

232 1234 257 1284 Si
273 1251 334 1300 quae
349 1234 470 1301 proferret
486 1235 555 1301 quasi
570 1234 619 1286 iam
634 1236 756 1302 completa
771 1248 876 1303 putates,

279 1306 356 1355 Tanta
371 1305 419 1355 fuit
435 1306 509 1356 verbi
520 1308 558 1356 vis
573 1307 630 1356 licet
645 1307 743 1356 assidui.

230 1379 254 1426 A
271 1379 343 1427 sacris
358 1377 441 1427 faciles
458 1378 548 1428 abeunt
562 1390 620 1446 post
636 1378 710 1428 busta
723 1394 826 1437 sorores,

279 1450 350 1499 Dixit
367 1467 482 1517 suspense
498 1467 557 1516 quas
573 1450 700 1499 anathema
714 1450 784 1500 fore:

231 1523 279 1570 Pro
296 1522 385 1587 quibus
401 1522 433 1571 ad
448 1522 548 1573 missam
562 1522 637 1571 tradit
650 1538 739 1588 punem
755 1521 930 1582 celebrandam,

280 1593 350 1643 Aede
364 1610 429 1643 sacra
441 1594 525 1660 pulsae
540 1605 625 1661 postea
641 1605 697 1642 sunt
713 1593 822 1642 minime.

232 1666 351 1714 Euomuit
366 1666 438 1715 tellus
455 1665 491 1714 bis
508 1665 630 1730 ephebum
645 1664 687 1713 cui
703 1665 854 1715 Benedictus

280 1738 357 1786 Iratus
373 1737 460 1796 fuerat,
475 1754 533 1786 nam
547 1736 669 1803 fugitivus
685 1748 743 1795 erat,

234 1808 281 1857 Sed
297 1808 388 1859 Christi
404 1824 493 1874 corpus
510 1824 581 1875 supra
596 1820 681 1876 pectus
696 1808 760 1857 locat
776 1809 836 1867 eius,

281 1881 343 1930 Eius
359 1898 405 1930 nec
420 1896 510 1948 corpus
527 1881 608 1942 denuo
624 1880 681 1928 iecit
696 1879 793 1929 humus.

233 1953 283 2001 Cur
298 1952 365 2019 fugis
381 1953 469 2012 inuito,
485 1951 531 2001 tibi
546 1969 599 2001 non
614 1952 676 2001 bene
691 1951 782 2011 caedet,
798 1950 898 2010 alunno,

282 2025 401 2091 Egressus
418 2024 485 2083 cella,
502 2022 628 2083 monache,
645 2035 726 2072 mente
741 2022 831 2090 vaga?

233 2096 355 2162 Prospicis
372 2095 516 2145 horribilem
530 2107 615 2144 contra
630 2107 655 2144 te
671 2107 732 2144 stare
748 2095 887 2153 draconem,

282 2169 348 2217 Nam
362 2167 475 2234 precibus
491 2167 566 2234 patris
582 2166 671 2216 obvius
687 2167 728 2215 ille
743 2167 800 2215 ruit.

234 2240 280 2288 Vir
294 2238 388 2305 probus
404 2240 533 2288 insolitum
547 2239 585 2288 bis
602 2254 685 2287 suasus
702 2254 796 2287 sumere
812 2249 912 2303 gustum

283 2311 308 2360 A
323 2311 391 2360 socio
408 2312 495 2370 renuit,
511 2311 588 2359 tercio
605 2310 719 2359 sustinuit
728 2327 735 2369 ;

235 2382 318 2448 lnquit
334 2382 356 2431 ei
372 2393 476 2442 sanctus,
493 2393 598 2431 «curte
615 2381 734 2431 subvertit
749 2380 846 2446 iniquus
863 2381 881 2429 θ’

283 2455 325 2503 Bis
342 2466 466 2520 superatus
483 2465 540 2514 eran
557 2454 633 2502 tercio
649 2465 673 2501 te
689 2465 815 2520 superat».

236 2525 372 2574 Monachus
389 2538 416 2574 ut
433 2526 494 2574 sacri
509 2525 622 2591 dispersit
638 2525 729 2574 semina
744 2524 822 2583 verbi,

284 2597 389 2647 Abdidit
404 2596 497 2646 oblatas
514 2597 559 2646 sub
575 2598 656 2645 tunica
672 2596 798 2662 mapulas;

238 2670 310 2717 Hunc
325 2680 393 2735 pater
409 2668 524 2734 obiurgat
540 2669 642 2717 fratrum
657 2680 781 2734 praesente
797 2678 900 2726 caterva,

286 2740 417 2790 Confessus
434 2741 538 2806 culpam,
554 2740 690 2806 promeruit
705 2739 809 2788 veniam
