<?xml version="1.0" encoding="UTF-8"?>
<!DOCTYPE html PUBLIC "-//W3C//DTD XHTML 1.0 Transitional//EN"
    "http://www.w3.org/TR/xhtml1/DTD/xhtml1-transitional.dtd">
<html xmlns="http://www.w3.org/1999/xhtml" xml:lang="en" lang="en">
 <head>
  <title>
</title>
<meta http-equiv="Content-Type" content="text/html;charset=utf-8" />
  <meta name='ocr-system' content='tesseract 3.04.00' />
  <meta name='ocr-capabilities' content='ocr_page ocr_carea ocr_par ocr_line ocrx_word'/>
</head>
<body>
  <div class='ocr_page' id='page_1' title='image "MN40034ucmf_3_0277.png"; bbox 0 0 2068 3216; ppageno 0'>
   <div class='ocr_carea' id='block_1_1' title="bbox 184 139 794 258">
    <p class='ocr_par' dir='ltr' id='par_1_1' title="bbox 184 139 794 258">
     <span class='ocr_line' id='line_1_1' title="bbox 184 139 233 172; baseline -0.041 0"><span class='ocrx_word' id='word_1_1' title='bbox 184 139 233 172; x_wconf 88' lang='lat'>200</span> 
     </span>
     <span class='ocr_line' id='line_1_2' title="bbox 280 195 794 258; baseline 0.002 -15"><span class='ocrx_word' id='word_1_2' title='bbox 280 210 314 243; x_wconf 82' lang='lat' dir='ltr'>DE</span> <span class='ocrx_word' id='word_1_3' title='bbox 329 209 538 244; x_wconf 75' lang='lat' dir='ltr'>Mauonnamaus</span> <span class='ocrx_word' id='word_1_4' title='bbox 554 195 621 244; x_wconf 83' lang='lat' dir='ltr'>VIII.</span> <span class='ocrx_word' id='word_1_5' title='bbox 640 213 654 258; x_wconf 85' lang='lat'><em>7</em></span> <span class='ocrx_word' id='word_1_6' title='bbox 670 224 680 231; x_wconf 96' lang='lat'>-</span> <span class='ocrx_word' id='word_1_7' title='bbox 696 196 763 244; x_wconf 87' lang='lat' dir='ltr'>VIII.</span> <span class='ocrx_word' id='word_1_8' title='bbox 783 200 794 243; x_wconf 83' lang='lat'>8</span> 
     </span>
    </p>
   </div>
   <div class='ocr_carea' id='block_1_2' title="bbox 180 339 839 1265">
    <p class='ocr_par' dir='ltr' id='par_1_2' title="bbox 180 339 839 1265">
     <span class='ocr_line' id='line_1_3' title="bbox 230 339 826 406; baseline -0.002 -18"><span class='ocrx_word' id='word_1_9' title='bbox 230 339 284 389; x_wconf 82' lang='lat' dir='ltr'>Nec</span> <span class='ocrx_word' id='word_1_10' title='bbox 300 350 381 388; x_wconf 89' lang='lat' dir='ltr'>tamen</span> <span class='ocrx_word' id='word_1_11' title='bbox 397 339 527 406; x_wconf 82' lang='lat' dir='ltr'>oppressit,</span> <span class='ocrx_word' id='word_1_12' title='bbox 543 355 601 387; x_wconf 90' lang='lat' dir='ltr'>nam</span> <span class='ocrx_word' id='word_1_13' title='bbox 616 339 723 406; x_wconf 91' lang='lat' dir='ltr'>populus</span> <span class='ocrx_word' id='word_1_14' title='bbox 739 339 826 388; x_wconf 84' lang='lat' dir='ltr'>vetuit.</span> 
     </span>
     <span class='ocr_line' id='line_1_4' title="bbox 182 410 792 477; baseline -0.002 -18"><span class='ocrx_word' id='word_1_15' title='bbox 182 411 276 459; x_wconf 89' lang='lat' dir='ltr'>Consul</span> <span class='ocrx_word' id='word_1_16' title='bbox 292 427 334 460; x_wconf 89' lang='lat' dir='ltr'>seu</span> <span class='ocrx_word' id='word_1_17' title='bbox 350 427 437 460; x_wconf 89' lang='lat' dir='ltr'>censor</span> <span class='ocrx_word' id='word_1_18' title='bbox 454 410 570 460; x_wconf 76' lang='lat' dir='ltr'>ServiIIus</span> <span class='ocrx_word' id='word_1_19' title='bbox 586 421 658 476; x_wconf 87' lang='lat' dir='ltr'>atque</span> <span class='ocrx_word' id='word_1_20' title='bbox 674 410 792 477; x_wconf 89' lang='lat' dir='ltr'>triumphi</span> 
     </span>
     <span class='ocr_line' id='line_1_5' title="bbox 229 481 719 549; baseline 0 -19"><span class='ocrx_word' id='word_1_21' title='bbox 229 482 324 548; x_wconf 84' lang='lat' dir='ltr'>Insigni</span> <span class='ocrx_word' id='word_1_22' title='bbox 339 482 408 531; x_wconf 88' lang='lat' dir='ltr'>lauro</span> <span class='ocrx_word' id='word_1_23' title='bbox 425 494 539 548; x_wconf 91' lang='lat' dir='ltr'>comptus</span> <span class='ocrx_word' id='word_1_24' title='bbox 555 481 631 530; x_wconf 87' lang='lat' dir='ltr'>herile</span> <span class='ocrx_word' id='word_1_25' title='bbox 646 494 719 549; x_wconf 89' lang='lat' dir='ltr'>caput</span> 
     </span>
     <span class='ocr_line' id='line_1_6' title="bbox 181 553 808 620; baseline 0 -18"><span class='ocrx_word' id='word_1_26' title='bbox 181 553 286 603; x_wconf 86' lang='lat' dir='ltr'>Adstitit</span> <span class='ocrx_word' id='word_1_27' title='bbox 301 566 329 603; x_wconf 95' lang='lat' dir='ltr'>ut</span> <span class='ocrx_word' id='word_1_28' title='bbox 344 555 420 613; x_wconf 87' lang='lat' dir='ltr'>testis,</span> <span class='ocrx_word' id='word_1_29' title='bbox 437 553 498 602; x_wconf 93' lang='lat' dir='ltr'>dum</span> <span class='ocrx_word' id='word_1_30' title='bbox 513 554 583 620; x_wconf 89' lang='lat' dir='ltr'>copia</span> <span class='ocrx_word' id='word_1_31' title='bbox 599 554 699 602; x_wconf 89' lang='lat' dir='ltr'>testium</span> <span class='ocrx_word' id='word_1_32' title='bbox 714 553 808 602; x_wconf 83' lang='lat' dir='ltr'>adesset</span> 
     </span>
     <span class='ocr_line' id='line_1_7' title="bbox 231 625 784 692; baseline -0.002 -18"><span class='ocrx_word' id='word_1_33' title='bbox 231 626 283 688; x_wconf 89' lang='lat' dir='ltr'>Qui</span> <span class='ocrx_word' id='word_1_34' title='bbox 299 626 506 692; x_wconf 88' lang='lat' dir='ltr'>condempnarent</span> <span class='ocrx_word' id='word_1_35' title='bbox 522 625 643 674; x_wconf 89' lang='lat' dir='ltr'>iudicibus</span> <span class='ocrx_word' id='word_1_36' title='bbox 660 626 784 685; x_wconf 91' lang='lat' dir='ltr'>miserum,</span> 
     </span>
     <span class='ocr_line' id='line_1_8' title="bbox 183 697 824 762; baseline 0.003 -19"><span class='ocrx_word' id='word_1_37' title='bbox 183 697 330 746; x_wconf 90' lang='lat' dir='ltr'>«Iudicibus</span> <span class='ocrx_word' id='word_1_38' title='bbox 347 697 419 746; x_wconf 85' lang='lat' dir='ltr'>vobis</span> <span class='ocrx_word' id='word_1_39' title='bbox 429 716 451 756; x_wconf 90' lang='lat'>»‚</span> <span class='ocrx_word' id='word_1_40' title='bbox 467 698 509 756; x_wconf 88' lang='lat' dir='ltr'>ait,</span> <span class='ocrx_word' id='word_1_41' title='bbox 527 698 598 756; x_wconf 81' lang='lat' dir='ltr'>«aio,</span> <span class='ocrx_word' id='word_1_42' title='bbox 615 697 768 762; x_wconf 89' lang='lat' dir='ltr'>nescioquis</span> <span class='ocrx_word' id='word_1_43' title='bbox 786 697 824 756; x_wconf 92' lang='lat' dir='ltr'>sit,</span> 
     </span>
     <span class='ocr_line' id='line_1_9' title="bbox 230 768 839 835; baseline 0 -18"><span class='ocrx_word' id='word_1_44' title='bbox 230 770 316 835; x_wconf 86' lang='lat' dir='ltr'>Egerit</span> <span class='ocrx_word' id='word_1_45' title='bbox 331 781 373 818; x_wconf 91' lang='lat' dir='ltr'>aut</span> <span class='ocrx_word' id='word_1_46' title='bbox 389 769 450 835; x_wconf 91' lang='lat' dir='ltr'>quid</span> <span class='ocrx_word' id='word_1_47' title='bbox 465 769 551 827; x_wconf 89' lang='lat' dir='ltr'>homo,</span> <span class='ocrx_word' id='word_1_48' title='bbox 568 769 628 818; x_wconf 79' lang='lat' dir='ltr'>ciuis</span> <span class='ocrx_word' id='word_1_49' title='bbox 645 785 676 817; x_wconf 90' lang='lat' dir='ltr'>an</span> <span class='ocrx_word' id='word_1_50' title='bbox 691 768 784 818; x_wconf 86' lang='lat' dir='ltr'>advena</span> <span class='ocrx_word' id='word_1_51' title='bbox 800 769 839 828; x_wconf 92' lang='lat' dir='ltr'>sit,</span> 
     </span>
     <span class='ocr_line' id='line_1_10' title="bbox 181 840 762 907; baseline 0 -19"><span class='ocrx_word' id='word_1_52' title='bbox 181 840 238 889; x_wconf 93' lang='lat' dir='ltr'>Hoc</span> <span class='ocrx_word' id='word_1_53' title='bbox 254 840 366 890; x_wconf 86' lang='lat' dir='ltr'>affirmo:</span> <span class='ocrx_word' id='word_1_54' title='bbox 382 842 423 890; x_wconf 80' lang='lat' dir='ltr'>via</span> <span class='ocrx_word' id='word_1_55' title='bbox 439 842 585 889; x_wconf 88' lang='lat' dir='ltr'>Laurentina</span> <span class='ocrx_word' id='word_1_56' title='bbox 600 840 762 907; x_wconf 80' lang='lat' dir='ltr'>properabam</span> 
     </span>
     <span class='ocr_line' id='line_1_11' title="bbox 229 912 762 979; baseline 0 -19"><span class='ocrx_word' id='word_1_57' title='bbox 229 912 302 961; x_wconf 81' lang='lat' dir='ltr'>Forte</span> <span class='ocrx_word' id='word_1_58' title='bbox 317 913 400 979; x_wconf 88' lang='lat' dir='ltr'>pedes,</span> <span class='ocrx_word' id='word_1_59' title='bbox 417 913 502 961; x_wconf 88' lang='lat' dir='ltr'>stricto</span> <span class='ocrx_word' id='word_1_60' title='bbox 518 912 622 961; x_wconf 85' lang='lat' dir='ltr'>confluit</span> <span class='ocrx_word' id='word_1_61' title='bbox 637 913 682 960; x_wconf 91' lang='lat' dir='ltr'>iste</span> <span class='ocrx_word' id='word_1_62' title='bbox 697 913 762 971; x_wconf 87' lang='lat' dir='ltr'>loco,</span> 
     </span>
     <span class='ocr_line' id='line_1_12' title="bbox 180 983 809 1050; baseline 0.002 -19"><span class='ocrx_word' id='word_1_63' title='bbox 180 983 280 1032; x_wconf 84' lang='lat' dir='ltr'>Arduus</span> <span class='ocrx_word' id='word_1_64' title='bbox 296 983 347 1033; x_wconf 87' lang='lat' dir='ltr'>ibat</span> <span class='ocrx_word' id='word_1_65' title='bbox 363 1001 436 1050; x_wconf 89' lang='lat' dir='ltr'>equo,</span> <span class='ocrx_word' id='word_1_66' title='bbox 454 984 599 1033; x_wconf 78' lang='lat' dir='ltr'>descendere</span> <span class='ocrx_word' id='word_1_67' title='bbox 615 984 696 1032; x_wconf 91' lang='lat' dir='ltr'>noluit</span> <span class='ocrx_word' id='word_1_68' title='bbox 712 1001 725 1032; x_wconf 91' lang='lat' dir='ltr'>a</span> <span class='ocrx_word' id='word_1_69' title='bbox 742 1000 809 1050; x_wconf 90' lang='lat' dir='ltr'>quo:</span> 
     </span>
     <span class='ocr_line' id='line_1_13' title="bbox 229 1055 771 1121; baseline 0.002 -18"><span class='ocrx_word' id='word_1_70' title='bbox 229 1055 271 1103; x_wconf 91' lang='lat' dir='ltr'>An</span> <span class='ocrx_word' id='word_1_71' title='bbox 286 1072 332 1104; x_wconf 89' lang='lat' dir='ltr'>vos</span> <span class='ocrx_word' id='word_1_72' title='bbox 349 1056 477 1121; x_wconf 84' lang='lat' dir='ltr'>contingat</span> <span class='ocrx_word' id='word_1_73' title='bbox 493 1072 564 1105; x_wconf 88' lang='lat' dir='ltr'>causa</span> <span class='ocrx_word' id='word_1_74' title='bbox 579 1055 662 1104; x_wconf 82' lang='lat' dir='ltr'>videte</span> <span class='ocrx_word' id='word_1_75' title='bbox 678 1072 730 1104; x_wconf 89' lang='lat' dir='ltr'>mea</span> <span class='ocrx_word' id='word_1_76' title='bbox 739 1073 771 1114; x_wconf 87' lang='lat'>»;</span> 
     </span>
     <span class='ocr_line' id='line_1_14' title="bbox 180 1126 769 1193; baseline 0.003 -19"><span class='ocrx_word' id='word_1_77' title='bbox 180 1126 284 1175; x_wconf 88' lang='lat' dir='ltr'>Punitur</span> <span class='ocrx_word' id='word_1_78' title='bbox 300 1127 343 1192; x_wconf 92' lang='lat' dir='ltr'>qui</span> <span class='ocrx_word' id='word_1_79' title='bbox 359 1128 467 1193; x_wconf 76' lang='lat' dir='ltr'>magnati</span> <span class='ocrx_word' id='word_1_80' title='bbox 483 1144 535 1176; x_wconf 91' lang='lat' dir='ltr'>non</span> <span class='ocrx_word' id='word_1_81' title='bbox 551 1128 626 1193; x_wconf 84' lang='lat' dir='ltr'>gessit</span> <span class='ocrx_word' id='word_1_82' title='bbox 641 1127 769 1186; x_wconf 82' lang='lat' dir='ltr'>honorem,</span> 
     </span>
     <span class='ocr_line' id='line_1_15' title="bbox 228 1198 763 1265; baseline 0.002 -19"><span class='ocrx_word' id='word_1_83' title='bbox 228 1198 338 1247; x_wconf 86' lang='lat' dir='ltr'>Adiectis</span> <span class='ocrx_word' id='word_1_84' title='bbox 355 1210 449 1265; x_wconf 87' lang='lat' dir='ltr'>septem</span> <span class='ocrx_word' id='word_1_85' title='bbox 464 1199 566 1248; x_wconf 91' lang='lat' dir='ltr'>testibus</span> <span class='ocrx_word' id='word_1_86' title='bbox 583 1211 655 1265; x_wconf 89' lang='lat' dir='ltr'>atque</span> <span class='ocrx_word' id='word_1_87' title='bbox 668 1198 763 1253; x_wconf 90' lang='lat' dir='ltr'>decem.</span> 
     </span>
    </p>
   </div>
   <div class='ocr_carea' id='block_1_3' title="bbox 220 1338 853 1456">
    <p class='ocr_par' dir='ltr' id='par_1_3' title="bbox 220 1338 853 1456">
     <span class='ocr_line' id='line_1_16' title="bbox 220 1338 853 1396; baseline 0 -14"><span class='ocrx_word' id='word_1_88' title='bbox 220 1339 264 1382; x_wconf 92' lang='lat' dir='ltr'>DE</span> <span class='ocrx_word' id='word_1_89' title='bbox 279 1338 354 1383; x_wconf 90' lang='lat' dir='ltr'>ILLIS</span> <span class='ocrx_word' id='word_1_90' title='bbox 373 1339 430 1396; x_wconf 92' lang='lat' dir='ltr'>QUI</span> <span class='ocrx_word' id='word_1_91' title='bbox 445 1339 487 1383; x_wconf 90' lang='lat' dir='ltr'>EA</span> <span class='ocrx_word' id='word_1_92' title='bbox 502 1339 654 1384; x_wconf 91' lang='lat' dir='ltr'><strong>EGERUNT</strong></span> <span class='ocrx_word' id='word_1_93' title='bbox 670 1338 758 1396; x_wconf 87' lang='lat' dir='ltr'><strong>QUAE</strong></span> <span class='ocrx_word' id='word_1_94' title='bbox 772 1339 853 1383; x_wconf 89' lang='lat' dir='ltr'>FIERI</span> 
     </span>
     <span class='ocr_line' id='line_1_17' title="bbox 439 1411 632 1456; baseline 0 -1"><span class='ocrx_word' id='word_1_95' title='bbox 439 1411 632 1456; x_wconf 91' lang='lat' dir='ltr'><strong>VETUERUNT</strong></span> 
     </span>
    </p>
   </div>
   <div class='ocr_carea' id='block_1_4' title="bbox 527 1528 538 1569">
    <p class='ocr_par' dir='ltr' id='par_1_4' title="bbox 527 1528 538 1569">
     <span class='ocr_line' id='line_1_18' title="bbox 527 1528 538 1569; baseline 0 0"><span class='ocrx_word' id='word_1_96' title='bbox 527 1528 538 1569; x_wconf 90' lang='lat'>8</span> 
     </span>
    </p>
   </div>
   <div class='ocr_carea' id='block_1_5' title="bbox 176 1628 937 2624">
    <p class='ocr_par' dir='ltr' id='par_1_5' title="bbox 179 1628 857 1767">
     <span class='ocr_line' id='line_1_19' title="bbox 179 1628 857 1695; baseline -0.001 -18"><span class='ocrx_word' id='word_1_97' title='bbox 179 1629 286 1688; x_wconf 76' lang='lat' dir='ltr'>Praetor,</span> <span class='ocrx_word' id='word_1_98' title='bbox 300 1629 458 1695; x_wconf 89' lang='lat' dir='ltr'>Oplomacho</span> <span class='ocrx_word' id='word_1_99' title='bbox 472 1640 598 1695; x_wconf 89' lang='lat' dir='ltr'>poscente,</span> <span class='ocrx_word' id='word_1_100' title='bbox 614 1640 709 1695; x_wconf 88' lang='lat' dir='ltr'>patrem</span> <span class='ocrx_word' id='word_1_101' title='bbox 723 1639 790 1677; x_wconf 83' lang='lat' dir='ltr'>vetat</span> <span class='ocrx_word' id='word_1_102' title='bbox 805 1628 857 1676; x_wconf 89' lang='lat' dir='ltr'>eius</span> 
     </span>
     <span class='ocr_line' id='line_1_20' title="bbox 227 1700 756 1767; baseline 0.002 -19"><span class='ocrx_word' id='word_1_103' title='bbox 227 1700 370 1767; x_wconf 86' lang='lat' dir='ltr'>Dilapidare</span> <span class='ocrx_word' id='word_1_104' title='bbox 386 1717 449 1760; x_wconf 89' lang='lat' dir='ltr'>suas,</span> <span class='ocrx_word' id='word_1_105' title='bbox 465 1712 494 1749; x_wconf 93' lang='lat' dir='ltr'>ut</span> <span class='ocrx_word' id='word_1_106' title='bbox 509 1700 663 1767; x_wconf 76' lang='lat' dir='ltr'>properabat,</span> <span class='ocrx_word' id='word_1_107' title='bbox 680 1715 756 1766; x_wconf 90' lang='lat' dir='ltr'>opes:</span> 
     </span>
    </p>

    <p class='ocr_par' dir='ltr' id='par_1_6' title="bbox 178 1770 725 1908">
     <span class='ocr_line' id='line_1_21' title="bbox 178 1770 725 1839; baseline -0.002 -18"><span class='ocrx_word' id='word_1_108' title='bbox 178 1772 235 1838; x_wconf 87' lang='lat' dir='ltr'>Ipse</span> <span class='ocrx_word' id='word_1_109' title='bbox 249 1770 376 1821; x_wconf 86' lang='lat' dir='ltr'>facultates</span> <span class='ocrx_word' id='word_1_110' title='bbox 391 1789 406 1820; x_wconf 89' lang='lat' dir='ltr'>a</span> <span class='ocrx_word' id='word_1_111' title='bbox 421 1783 489 1839; x_wconf 90' lang='lat' dir='ltr'>patre</span> <span class='ocrx_word' id='word_1_112' title='bbox 504 1772 619 1837; x_wconf 89' lang='lat' dir='ltr'>ligurruit</span> <span class='ocrx_word' id='word_1_113' title='bbox 634 1772 725 1838; x_wconf 88' lang='lat' dir='ltr'>amplas</span> 
     </span>
     <span class='ocr_line' id='line_1_22' title="bbox 226 1842 684 1908; baseline 0.002 -17"><span class='ocrx_word' id='word_1_114' title='bbox 226 1842 267 1891; x_wconf 85' lang='lat' dir='ltr'>Illi</span> <span class='ocrx_word' id='word_1_115' title='bbox 282 1843 395 1892; x_wconf 87' lang='lat' dir='ltr'>dimissae</span> <span class='ocrx_word' id='word_1_116' title='bbox 412 1843 488 1892; x_wconf 88' lang='lat' dir='ltr'>divite</span> <span class='ocrx_word' id='word_1_117' title='bbox 505 1859 566 1908; x_wconf 88' lang='lat' dir='ltr'>quae</span> <span class='ocrx_word' id='word_1_118' title='bbox 581 1842 684 1892; x_wconf 88' lang='lat' dir='ltr'>fuerant.</span> 
     </span>
    </p>

    <p class='ocr_par' dir='ltr' id='par_1_7' title="bbox 178 1914 715 2052">
     <span class='ocr_line' id='line_1_23' title="bbox 178 1914 672 1963; baseline 0 0"><span class='ocrx_word' id='word_1_119' title='bbox 178 1914 203 1963; x_wconf 88' lang='lat' dir='ltr'><strong>A</strong></span> <span class='ocrx_word' id='word_1_120' title='bbox 220 1915 351 1963; x_wconf 89' lang='lat' dir='ltr'>Saturnino</span> <span class='ocrx_word' id='word_1_121' title='bbox 367 1914 460 1963; x_wconf 86' lang='lat' dir='ltr'>Marius</span> <span class='ocrx_word' id='word_1_122' title='bbox 477 1914 538 1963; x_wconf 92' lang='lat' dir='ltr'>dum</span> <span class='ocrx_word' id='word_1_123' title='bbox 554 1914 672 1963; x_wconf 89' lang='lat' dir='ltr'>seditioso</span> 
     </span>
     <span class='ocr_line' id='line_1_24' title="bbox 226 1986 715 2052; baseline -0.002 -18"><span class='ocrx_word' id='word_1_124' title='bbox 226 1986 302 2034; x_wconf 89' lang='lat' dir='ltr'>Illum</span> <span class='ocrx_word' id='word_1_125' title='bbox 316 1987 478 2052; x_wconf 88' lang='lat' dir='ltr'>persequitur,</span> <span class='ocrx_word' id='word_1_126' title='bbox 494 1986 582 2051; x_wconf 88' lang='lat' dir='ltr'>pilleus</span> <span class='ocrx_word' id='word_1_127' title='bbox 598 1986 715 2045; x_wconf 91' lang='lat' dir='ltr'>induitur,</span> 
     </span>
    </p>

    <p class='ocr_par' dir='ltr' id='par_1_8' title="bbox 178 2057 727 2196">
     <span class='ocr_line' id='line_1_25' title="bbox 178 2057 727 2125; baseline -0.002 -19"><span class='ocrx_word' id='word_1_128' title='bbox 178 2058 235 2106; x_wconf 90' lang='lat' dir='ltr'>Hoc</span> <span class='ocrx_word' id='word_1_129' title='bbox 251 2057 339 2106; x_wconf 88' lang='lat' dir='ltr'>servile</span> <span class='ocrx_word' id='word_1_130' title='bbox 353 2057 402 2106; x_wconf 82' lang='lat' dir='ltr'>fuit</span> <span class='ocrx_word' id='word_1_131' title='bbox 418 2058 524 2123; x_wconf 87' lang='lat' dir='ltr'>signum,</span> <span class='ocrx_word' id='word_1_132' title='bbox 540 2058 603 2125; x_wconf 92' lang='lat' dir='ltr'>petit</span> <span class='ocrx_word' id='word_1_133' title='bbox 617 2057 727 2106; x_wconf 85' lang='lat' dir='ltr'>auxiliari</span> 
     </span>
     <span class='ocr_line' id='line_1_26' title="bbox 226 2128 690 2196; baseline 0.002 -19"><span class='ocrx_word' id='word_1_134' title='bbox 226 2128 251 2177; x_wconf 86' lang='lat' dir='ltr'><strong>A</strong></span> <span class='ocrx_word' id='word_1_135' title='bbox 267 2129 343 2178; x_wconf 88' lang='lat' dir='ltr'>servis</span> <span class='ocrx_word' id='word_1_136' title='bbox 359 2129 404 2177; x_wconf 90' lang='lat' dir='ltr'>illo</span> <span class='ocrx_word' id='word_1_137' title='bbox 421 2130 464 2195; x_wconf 90' lang='lat' dir='ltr'>qui</span> <span class='ocrx_word' id='word_1_138' title='bbox 480 2141 552 2196; x_wconf 88' lang='lat' dir='ltr'>caput</span> <span class='ocrx_word' id='word_1_139' title='bbox 568 2129 690 2178; x_wconf 87' lang='lat' dir='ltr'>induerit:</span> 
     </span>
    </p>

    <p class='ocr_par' dir='ltr' id='par_1_9' title="bbox 178 2199 836 2338">
     <span class='ocr_line' id='line_1_27' title="bbox 178 2199 836 2267; baseline -0.002 -19"><span class='ocrx_word' id='word_1_140' title='bbox 178 2200 239 2266; x_wconf 84' lang='lat' dir='ltr'>Egit</span> <span class='ocrx_word' id='word_1_141' title='bbox 252 2200 319 2249; x_wconf 92' lang='lat' dir='ltr'>idem</span> <span class='ocrx_word' id='word_1_142' title='bbox 332 2199 425 2249; x_wconf 88' lang='lat' dir='ltr'>Marius</span> <span class='ocrx_word' id='word_1_143' title='bbox 439 2200 536 2267; x_wconf 91' lang='lat' dir='ltr'>trepido</span> <span class='ocrx_word' id='word_1_144' title='bbox 551 2200 620 2267; x_wconf 91' lang='lat' dir='ltr'>quod</span> <span class='ocrx_word' id='word_1_145' title='bbox 633 2201 705 2267; x_wconf 91' lang='lat' dir='ltr'>punit</span> <span class='ocrx_word' id='word_1_146' title='bbox 718 2200 744 2247; x_wconf 94' lang='lat' dir='ltr'>in</span> <span class='ocrx_word' id='word_1_147' title='bbox 757 2200 836 2258; x_wconf 90' lang='lat' dir='ltr'>hoste,</span> 
     </span>
     <span class='ocr_line' id='line_1_28' title="bbox 227 2271 806 2338; baseline 0.002 -19"><span class='ocrx_word' id='word_1_148' title='bbox 227 2271 321 2320; x_wconf 91' lang='lat' dir='ltr'>Urbem</span> <span class='ocrx_word' id='word_1_149' title='bbox 336 2271 397 2320; x_wconf 91' lang='lat' dir='ltr'>dum</span> <span class='ocrx_word' id='word_1_150' title='bbox 412 2272 533 2338; x_wconf 84' lang='lat' dir='ltr'>trepidam</span> <span class='ocrx_word' id='word_1_151' title='bbox 548 2272 637 2320; x_wconf 90' lang='lat' dir='ltr'>Lucius</span> <span class='ocrx_word' id='word_1_152' title='bbox 654 2271 806 2337; x_wconf 88' lang='lat' dir='ltr'>ingreditur:</span> 
     </span>
    </p>

    <p class='ocr_par' dir='ltr' id='par_1_10' title="bbox 177 2342 722 2474">
     <span class='ocr_line' id='line_1_29' title="bbox 177 2342 722 2402; baseline 0 -11"><span class='ocrx_word' id='word_1_153' title='bbox 177 2344 207 2391; x_wconf 87' lang='lat' dir='ltr'>In</span> <span class='ocrx_word' id='word_1_154' title='bbox 224 2343 355 2392; x_wconf 87' lang='lat' dir='ltr'>Saturnino</span> <span class='ocrx_word' id='word_1_155' title='bbox 372 2342 474 2402; x_wconf 89' lang='lat' dir='ltr'>Marius,</span> <span class='ocrx_word' id='word_1_156' title='bbox 491 2343 533 2392; x_wconf 94' lang='lat' dir='ltr'>sed</span> <span class='ocrx_word' id='word_1_157' title='bbox 551 2344 608 2392; x_wconf 78' lang='lat' dir='ltr'>Silla</span> <span class='ocrx_word' id='word_1_158' title='bbox 624 2359 722 2392; x_wconf 85' lang='lat' dir='ltr'>severus</span> 
     </span>
     <span class='ocr_line' id='line_1_30' title="bbox 225 2414 721 2474; baseline 0.002 -12"><span class='ocrx_word' id='word_1_159' title='bbox 225 2414 341 2463; x_wconf 86' lang='lat' dir='ltr'>Vindicat</span> <span class='ocrx_word' id='word_1_160' title='bbox 357 2415 383 2462; x_wconf 92' lang='lat' dir='ltr'>in</span> <span class='ocrx_word' id='word_1_161' title='bbox 400 2414 489 2474; x_wconf 89' lang='lat' dir='ltr'>Mario,</span> <span class='ocrx_word' id='word_1_162' title='bbox 506 2432 551 2463; x_wconf 92' lang='lat' dir='ltr'>nec</span> <span class='ocrx_word' id='word_1_163' title='bbox 566 2414 614 2463; x_wconf 90' lang='lat' dir='ltr'>fuit</span> <span class='ocrx_word' id='word_1_164' title='bbox 629 2414 721 2463; x_wconf 88' lang='lat' dir='ltr'>auxilio</span> 
     </span>
    </p>

    <p class='ocr_par' dir='ltr' id='par_1_11' title="bbox 176 2486 937 2624">
     <span class='ocr_line' id='line_1_31' title="bbox 176 2486 937 2551; baseline -0.004 -17"><span class='ocrx_word' id='word_1_165' title='bbox 176 2486 266 2535; x_wconf 90' lang='lat' dir='ltr'>Pilleus</span> <span class='ocrx_word' id='word_1_166' title='bbox 283 2497 325 2534; x_wconf 89' lang='lat' dir='ltr'>aut</span> <span class='ocrx_word' id='word_1_167' title='bbox 340 2497 434 2534; x_wconf 91' lang='lat' dir='ltr'>turmae</span> <span class='ocrx_word' id='word_1_168' title='bbox 450 2502 579 2535; x_wconf 83' lang='lat' dir='ltr'>servorum</span> <span class='ocrx_word' id='word_1_169' title='bbox 595 2486 807 2551; x_wconf 85' lang='lat' dir='ltr'>conglomeratae:</span> <span class='ocrx_word' id='word_1_170' title='bbox 891 2495 904 2530; x_wconf 88' lang='lat' dir='ltr'>f.</span> <span class='ocrx_word' id='word_1_171' title='bbox 917 2498 937 2540; x_wconf 71' lang='grc' dir='ltr'>ες</span> 
     </span>
     <span class='ocr_line' id='line_1_32' title="bbox 225 2556 821 2624; baseline 0 -19"><span class='ocrx_word' id='word_1_172' title='bbox 225 2556 333 2623; x_wconf 87' lang='lat' dir='ltr'>Magnus</span> <span class='ocrx_word' id='word_1_173' title='bbox 349 2569 452 2624; x_wconf 88' lang='lat' dir='ltr'>uterque</span> <span class='ocrx_word' id='word_1_174' title='bbox 468 2574 515 2605; x_wconf 90' lang='lat' dir='ltr'>suo</span> <span class='ocrx_word' id='word_1_175' title='bbox 531 2574 613 2606; x_wconf 91' lang='lat' dir='ltr'>caesus</span> <span class='ocrx_word' id='word_1_176' title='bbox 629 2557 660 2606; x_wconf 87' lang='lat' dir='ltr'>ab</span> <span class='ocrx_word' id='word_1_177' title='bbox 677 2556 748 2606; x_wconf 91' lang='lat' dir='ltr'>hoste</span> <span class='ocrx_word' id='word_1_178' title='bbox 763 2556 821 2605; x_wconf 89' lang='lat' dir='ltr'>ruit.</span> 
     </span>
    </p>
   </div>
   <div class='ocr_carea' id='block_1_6' title="bbox 104 2674 770 2767">
    <p class='ocr_par' dir='ltr' id='par_1_12' title="bbox 104 2674 770 2767">
     <span class='ocr_line' id='line_1_33' title="bbox 140 2674 770 2719; baseline 0.003 -11"><span class='ocrx_word' id='word_1_179' title='bbox 140 2686 160 2718; x_wconf 79' lang='lat'>37</span> <span class='ocrx_word' id='word_1_180' title='bbox 168 2674 273 2718; x_wconf 83' lang='lat' dir='ltr'>(ut).(testis)</span> <span class='ocrx_word' id='word_1_181' title='bbox 285 2686 318 2709; x_wconf 77' lang='lat' dir='ltr'>ras.</span> <span class='ocrx_word' id='word_1_182' title='bbox 374 2686 397 2718; x_wconf 77' lang='lat'>40</span> <span class='ocrx_word' id='word_1_183' title='bbox 408 2683 450 2709; x_wconf 84' lang='lat' dir='ltr'>aut:</span> <span class='ocrx_word' id='word_1_184' title='bbox 462 2683 469 2709; x_wconf 94' lang='lat' dir='ltr'>t</span> <span class='ocrx_word' id='word_1_185' title='bbox 479 2682 559 2719; x_wconf 83' lang='lat' dir='ltr'>suprascr.</span> <span class='ocrx_word' id='word_1_186' title='bbox 608 2686 631 2718; x_wconf 89' lang='lat'>44</span> <span class='ocrx_word' id='word_1_187' title='bbox 639 2675 729 2719; x_wconf 84' lang='lat' dir='ltr'>(an).(vos)</span> <span class='ocrx_word' id='word_1_188' title='bbox 737 2685 770 2710; x_wconf 79' lang='lat' dir='ltr'>rar.</span> 
     </span>
     <span class='ocr_line' id='line_1_34' title="bbox 104 2721 380 2767; baseline 0.004 -11"><span class='ocrx_word' id='word_1_189' title='bbox 104 2725 120 2765; x_wconf 86' lang='lat'>8,</span> <span class='ocrx_word' id='word_1_190' title='bbox 134 2733 141 2756; x_wconf 96' lang='lat'>1</span> <span class='ocrx_word' id='word_1_191' title='bbox 154 2721 272 2767; x_wconf 81' lang='lat' dir='ltr'>oplomacho:</span> <span class='ocrx_word' id='word_1_192' title='bbox 282 2722 380 2767; x_wconf 77' lang='lat' dir='ltr'>hsuprascr.</span> 
     </span>
    </p>
   </div>
   <div class='ocr_carea' id='block_1_7' title="bbox 0 0 1038 3216">
    <p class='ocr_par' dir='ltr' id='par_1_13' title="bbox 0 0 1038 3216">
     <span class='ocr_line' id='line_1_35' title="bbox 0 0 1038 3216; baseline 0 2"><span class='ocrx_word' id='word_1_193' title='bbox 0 0 1038 3216; x_wconf 95' lang='lat' dir='ltr'> </span> 
     </span>
    </p>
   </div>
  </div>
 </body>
</html>
