2068 3216
502 198 536 231 DE
552 197 603 231 OVO

202 328 297 376 Omant
313 327 435 386 doctores,
451 325 585 375 informant
600 324 736 386 inferiores,

202 400 315 462 Quatuor
330 399 356 447 in
371 410 451 466 partes
467 409 613 447 renovantes
629 396 720 446 artibus
737 408 807 457 artes,

201 472 245 520 Per
260 470 330 520 uerbi
344 481 439 538 partem
455 470 570 519 ducentes
585 469 646 518 lucis
662 469 694 518 ad
709 480 786 520 artem
911 487 942 520 145

200 542 309 608 Arteque
325 541 355 591 de
371 552 423 590 tota
438 541 579 607 producunt
595 541 696 590 flumina
711 552 770 590 nota

199 614 254 677 Que
269 624 377 679 prestant
392 624 481 679 potum
496 628 540 680 per
556 628 630 679 quem
645 611 756 661 faciabile
771 624 860 672 totum,

200 685 283 734 Alcius
299 685 325 733 in
340 696 396 733 toto
413 695 543 733 statuentes
559 683 630 733 hoste
646 695 743 733 remoto

201 758 243 805 Est
259 773 321 823 aqua
337 757 479 807 mandatum
494 756 537 805 tali
552 755 583 805 de
598 755 669 805 funte
684 767 795 823 paratum

199 829 233 877 Ut
249 829 348 895 speique
363 828 429 876 lebes
445 839 547 877 renovat
563 843 636 893 super
651 828 734 877 omnia
749 827 840 894 plebes.
911 847 944 879 15⁰

535 1007 572 1054 IV

489 1123 533 1166 DE
548 1122 617 1166 OVO

198 1260 267 1319 Dum
280 1257 337 1307 facit
351 1274 411 1323 ergo
425 1274 521 1306 novum
533 1267 658 1322 tamquam
671 1257 760 1322 gallina
772 1257 813 1306 dat
822 1274 907 1318 ovum,

198 1326 288 1396 Pignus
303 1329 377 1378 abens
393 1326 445 1394 spei
460 1340 561 1378 venture
575 1328 703 1395 progeniei

199 1401 367 1466 Mandatoque
378 1416 473 1450 novum
485 1416 539 1466 spes
552 1411 588 1449 est
600 1400 633 1448 ita
645 1400 707 1449 sicut
718 1400 744 1448 in
756 1418 814 1460 ovo,

200 1472 274 1536 Quod
283 1473 340 1521 licet
348 1471 413 1521 haud
420 1471 483 1520 duro
492 1472 560 1539 quasi
569 1471 690 1520 clauditur
695 1471 821 1537 hundique
827 1488 907 1533 muro,

199 1545 267 1593 Intus
279 1543 370 1593 habens
383 1555 475 1594 tectum
486 1543 555 1609 quod
566 1543 639 1592 habet
650 1542 765 1608 prodesse
775 1554 905 1594 retectum:
933 1563 940 1595 5

199 1615 224 1663 Ο
239 1632 286 1664 uos
302 1616 416 1664 mortales
432 1614 551 1664 advertite
567 1615 627 1680 quid
643 1614 701 1663 facit
716 1615 781 1664 ales!

199 1686 310 1746 incubat,
326 1687 420 1736 affectat
435 1687 531 1754 pariens
547 1687 673 1752 invisaque
690 1698 780 1752 spectat

198 1759 267 1808 Dum
282 1770 379 1824 tempus
395 1759 477 1807 veniat
493 1758 553 1807 dum
569 1757 599 1807 de
616 1773 658 1823 spe
674 1773 710 1806 res
728 1757 774 1806 sibi
789 1757 838 1817 fiat,

198 1830 273 1880 Nulla
289 1829 353 1879 victa
369 1846 438 1878 mora
454 1829 578 1879 calefactet
593 1830 654 1879 dum
668 1830 736 1878 venit
752 1845 794 1878 ora

200 1901 255 1964 Qua
270 1900 353 1950 videat
368 1913 438 1950 natos
455 1902 485 1950 de
501 1901 584 1952 matris
600 1916 683 1950 amore
698 1914 799 1960 creatos,
922 1921 943 1943 10

200 1973 231 2021 Et
246 1973 314 2039 prius
329 1973 403 2022 invisi
418 1972 507 2022 faciant
524 1972 569 2021 sibi
586 1973 674 2039 gaudia
689 1973 745 2032 visi,

200 2044 286 2093 Ovum
301 2044 434 2111 frangatur,
451 2056 553 2095 matrem
568 2061 634 2094 nova
650 2043 720 2093 turba
737 2056 829 2093 secatur

200 2116 232 2164 Et
248 2115 310 2165 bene
327 2128 419 2182 sperata
434 2116 483 2167 iam
497 2116 568 2183 prole
583 2115 677 2164 fruatur
692 2127 784 2175 amata3

199 2187 278 2236 Mater
287 2188 385 2247 amavit,
392 2198 463 2246 amat,
472 2199 603 2254 postquam
611 2188 681 2254 pleps
690 2188 791 2254 parvula
800 2187 893 2246 clamat,

200 2258 303 2325 Hispida
317 2260 425 2325 precedit
441 2276 486 2308 nec
501 2259 531 2307 ab
550 2259 587 2307 his
603 2259 712 2308 animosa
728 2258 826 2317 recedit,
922 2277 941 2310 15

198 2330 354 2379 insidiatores
370 2330 470 2396 abigens
486 2331 617 2395 uariosque
632 2331 742 2390 timores,

200 2402 296 2450 Hausus
313 2403 430 2452 milvinos
445 2402 579 2467 prohibens
595 2418 740 2467 morsusque
756 2402 864 2461 caninos,

199 2472 273 2521 Pullis
290 2473 393 2522 sollicite
409 2474 488 2539 querit
504 2473 615 2539 suffragia
631 2474 689 2532 vite,

200 2544 231 2592 Et
247 2545 316 2609 quasi
333 2561 358 2594 se
373 2556 461 2595 mactat
477 2545 537 2595 dum
552 2546 637 2604 nutrit,
654 2544 713 2594 dum
729 2544 860 2604 calefactat,

164 2671 193 2703 145
206 2659 290 2695 ducentis.
339 2672 370 2704 147
382 2660 460 2694 faciabile
469 2673 507 2695 corr.
519 2673 540 2695 ex
550 2660 645 2702 faciabiale,
656 2673 665 2695 a
676 2667 756 2704 expuncto.
800 2663 831 2702 148
839 2669 908 2696 renoto.

129 2708 163 2747 lV,
176 2719 186 2751 9
199 2707 282 2742 calefacte
322 2719 343 2749 14
356 2708 437 2753 parvuala
474 2720 492 2752 15
505 2708 701 2753 precidit:psuprascr.
750 2708 764 2742 is
804 2719 825 2751 17
842 2710 908 2744 cainos.
