2068 3216
210 145 259 193 206
298 231 333 265 na
348 230 557 265 naaaommrmus
573 217 640 266 VIII.
659 234 673 282 9
689 246 699 253 -
715 216 781 266 VJJI.
802 233 830 264 10

207 362 267 426 Ipso
282 376 389 427 namque
404 360 444 409 die
461 375 558 427 superas
575 376 627 425 quo
642 360 731 409 deserit
746 377 823 420 auras,

256 432 326 480 Dum
342 432 504 498 disceptarent
519 443 575 481 ante
591 448 674 482 senem
689 433 797 492 iuvenes,

207 502 317 552 Auribus
332 503 431 552 intentis
447 514 520 571 caput
535 503 607 569 erigit
621 521 635 553 a
651 504 754 571 capitali,

257 575 385 637 Quaerunt
400 575 515 624 mirantes
531 591 575 624 cur
590 575 616 624 id
631 575 749 625 hanhelus
765 586 837 641 agat:

209 666 223 693 «
233 648 267 696 Ut
277 646 346 713 prius
357 646 416 696 haec
424 664 448 707 »,
459 646 548 714 inquit,
561 664 576 695 «
584 662 659 713 quam
669 647 758 713 migro,
770 646 919 714 sophismata

255 717 719 786 IsteSophoclefuitprogenitusliric0.
782 718 917 784 [discamaz

209 790 262 839 Etsi
277 806 423 856 magnarum
437 790 533 839 tardent
548 790 673 839 obstacula
688 805 777 849 rerum,

256 862 316 910 Dux
332 861 509 911 Temisthocles
525 873 606 911 mente
621 876 696 929 capax
710 861 798 911 retinet

209 933 309 998 Singula
324 933 404 982 tocius
420 932 537 982 discretae
552 934 653 982 nomina
668 933 737 993 civiS,

257 1005 334 1068 Cyrus
349 1016 437 1053 cuncta
452 1022 509 1054 suae
524 1005 625 1054 nomina
640 1004 751 1054 miliciae.

209 1077 259 1125 Sub
274 1076 378 1143 proprio
394 1087 478 1142 gentes
494 1075 580 1125 habuit
595 1092 673 1143 regno
689 1076 825 1125 Mitridates

255 1147 353 1213 Viginti
368 1164 472 1197 numero
488 1165 564 1197 necne
580 1147 639 1197 duas
654 1148 752 1215 pariter,

208 1219 321 1281 Quarum
336 1219 427 1268 divisas
443 1219 540 1269 sudavit
556 1220 647 1269 discere
662 1219 766 1285 linguas,

255 1290 346 1340 Nullus
362 1302 391 1340 ut
405 1291 523 1359 interpres
540 1290 742 1340 essetshabendus
759 1290 789 1339 ei.

423 1432 467 1477 DE
482 1433 612 1477 GEMINO
627 1432 703 1477 OCIO

546 1559 575 1592 10

207 1651 270 1699 Ocia
286 1667 311 1699 se
327 1651 427 1716 gemino
443 1649 583 1699 discernunt
597 1649 693 1699 tramite
708 1660 801 1709 cuncta,

256 1721 319 1770 Ocia
335 1722 458 1786 segnities,
474 1722 528 1770 ocia
543 1720 616 1770 habet
632 1720 756 1780 studium;

208 1794 270 1842 Ocia
286 1793 414 1848 debilitant
428 1793 493 1842 vires
509 1794 653 1859 animosque
668 1792 802 1852 resolvunt,

256 1864 373 1913 Efficiunt
387 1865 472 1932 pigros
489 1876 513 1913 et
529 1864 597 1931 stipis
612 1863 737 1929 indiguos,

207 1937 270 1986 Ocia
285 1937 402 1986 robustos
418 1935 578 1985 delectanter
594 1935 726 1995 studiosos,

256 2010 290 2058 Ut
306 2018 414 2057 recreent
429 2006 522 2056 fessum
537 2021 626 2073 corpus
643 2018 667 2055 et
682 2007 816 2072 ingenium.

207 2080 285 2129 Fulsit
299 2080 423 2128 amiciciae
438 2079 529 2146 lampas
545 2078 677 2127 clarissima
691 2093 801 2143 magnae,

257 2151 339 2218 Scipio
355 2151 533 2216 magnanimus,
549 2150 631 2199 Lelius
648 2160 672 2198 et
686 2149 798 2217 lepidus;

207 2223 320 2290 Perpetui
335 2222 395 2271 loris
411 2222 447 2271 hii
462 2233 623 2271 conectuntur
637 2222 735 2281 amoris,

256 2294 334 2343 Omni
348 2294 470 2360 virtutum
484 2293 624 2342 consimiles
640 2308 744 2359 genere;
916 2302 929 2337 f.
942 2306 977 2346 επ

207 2367 289 2415 Rebus
305 2377 333 2414 ut
348 2365 475 2416 unanimes
491 2365 601 2413 animum
616 2375 727 2414 exercent
742 2364 861 2431 operosis,

255 2437 316 2487 Voti
330 2437 460 2504 participes
476 2436 530 2485 ocia
546 2436 580 2485 sic
595 2436 709 2503 capiunt;

206 2510 321 2558 Laurenti
338 2526 380 2557 seu
396 2508 500 2567 Caietae,
515 2508 603 2573 legisse
618 2508 729 2556 feruntur

255 2580 366 2629 Conchas
382 2580 423 2628 vel
438 2580 526 2638 calcos
542 2580 614 2628 litore
631 2594 700 2644 saepe
715 2578 780 2643 vagi.

171 2760 202 2790 144
213 2747 306 2782 banhelus:
323 2747 424 2790 hsuprascr.
474 2756 505 2789 149
517 2744 599 2779 discretae
610 2761 628 2773 =
639 2745 717 2779 discrete.
