2068 3216
291 206 326 240 nu
341 205 549 241 Manonnartfflus
564 187 607 241 IV.
625 209 641 253 4

160 333 253 382 Reiecit
269 350 369 382 censum
384 333 445 383 dum
459 345 529 401 putat
544 334 603 384 baec
618 336 729 384 nimium.

110 403 189 453 Atilio
204 405 273 453 missi
288 420 328 454 rus
344 406 403 454 haec
418 405 520 455 retulere
536 407 631 466 serenti,

160 476 310 525 «Dictatura
325 476 372 526 tibi
387 476 498 537 traditur,
515 494 577 537 ecce,
593 478 650 527 veni
661 479 666 527 l
676 496 690 526 ›>

111 547 170 595 Eius
187 547 290 597 callosae
305 549 376 613 rastri
391 548 426 597 de.
436 549 546 615 pondere
560 551 655 616 palmae
820 560 833 596 f,
844 571 879 604 ov

159 620 282 668 Rexerunt
297 627 381 669 currus
396 620 454 669 ilico
470 620 612 686 laurigeros,

110 690 164 739 Nec
179 691 271 740 veritus
287 706 392 758 parvum
406 703 464 759 post
480 691 542 741 bella
558 693 655 741 recessit
670 692 701 741 ad
717 704 810 758 agrum,

159 763 192 810 Et
207 763 286 812 tenuit
302 763 397 822 stivam,
415 764 477 813 sevit
492 763 560 824 ador,
576 765 672 813 viciam.

110 833 219 899 Regulus
235 834 325 884 Atilius
342 834 373 884 de
389 836 506 901 sanguine
521 835 614 902 prodiit
629 835 719 895 huius,

159 905 234 955 Afros
252 907 299 974 qui'
309 907 403 973 primus
420 906 532 967 contudit
547 907 668 975 auspiciis,

111 977 205 1025 Consul
220 979 367 1044 contiguum
382 979 426 1043 qui
442 978 581 1044 designatus
596 979 623 1027 in
638 982 742 1038 annum,

160 1049 289 1098 Successor
304 1050 385 1116 poscit
400 1049 471 1099 detur
486 1062 514 1098 ut
529 1050 589 1099 alter
605 1050 644 1110 ei;

112 1119 200 1169 Scribit
215 1137 321 1189 namque
337 1138 382 1170 suo
399 1121 492 1189 septeni
506 1117 597 1187 ingeris
613 1138 673 1188 agro

161 1192 237 1254 Quod
253 1192 418 1252 cultordesit,
434 1193 521 1242 vilicus
537 1192 661 1253 occiderit,

112 1263 223 1329 Squaleat
239 1275 263 1312 et
279 1264 359 1313 dumis
375 1265 447 1313 tellus
463 1265 562 1314 viduata
573 1265 680 1327 colonis,

159 1337 228 1385 Uxor
243 1345 305 1384 cum
315 1337 377 1385 natis
393 1347 457 1385 areat
472 1336 524 1403 ipsa
540 1333 606 1395 suis;

110 1406 191 1456 Patres
206 1407 359 1474 praecipiunt
374 1408 446 1457 aedili
463 1424 513 1474 quo
530 1419 592 1456 serat
606 1423 700 1473 agrum,

159 1479 273 1528 Consulis
289 1495 392 1528 uxorem
407 1495 464 1528 cum
478 1480 560 1544 pueris
575 1479 665 1528 foveat.

111 1549 268 1599 Cincinnatus
285 1551 345 1599 item
358 1551 469 1618 possedit
484 1551 568 1616 iugera
584 1563 684 1618 septem,

159 1622 211 1686 Qui
226 1622 351 1671 dictatoris
367 1623 451 1671 munia
465 1623 610 1690 promeruit,

110 1694 176 1742 Hinc
191 1694 350 1760 obsignatum
365 1693 443 1743 tribus
458 1694 552 1743 amissis
568 1694 602 1743 ob
618 1694 741 1753 amicum,

159 1765 199 1814 Bis
216 1765 267 1814 bini
284 1765 398 1814 dominus
414 1766 504 1831 iugeris
521 1765 630 1824 efficitur,

109 1836 186 1886 Filius
202 1837 233 1886 ad
249 1853 346 1886 causam
360 1854 412 1886 non
428 1837 534 1886 occurrit
550 1836 728 1896 dirimendam,

159 1909 225 1957 Hinc
240 1909 302 1976 rapit
317 1909 391 1958 iratus
408 1925 493 1958 censor
509 1908 561 1974 agri
577 1908 675 1957 reditus.

109 1979 180 2028 Aelia
194 1981 325 2047 progenies
340 1979 436 2029 fuerant
451 1992 488 2029 ter
504 1980 613 2047 quinque
629 1979 746 2042 Quirites,

159 2052 205 2100 His
221 2052 334 2100 modicus
351 2063 471 2119 sumptus,
487 2051 525 2100 his
542 2063 592 2100 erat
606 2068 655 2099 una
671 2046 768 2111 domus,

109 2122 156 2171 Illo
174 2140 224 2190 quo
240 2123 330 2172 tumuli
345 2140 411 2172 nunc
427 2134 558 2171 cernuntur
574 2123 685 2182 Mariani,

159 2196 228 2244 Unus
244 2195 378 2244 Veientum
392 2194 483 2243 fundus
500 2194 534 2243 eis
550 2195 576 2242 in
592 2210 659 2259 agro.

109 2265 214 2331 Argenti
230 2266 349 2334 scripulus
365 2282 492 2333 nunquam
507 2265 680 2315 sibi'constitit
695 2283 766 2325 unus,

158 2338 247 2386 Donec
263 2337 294 2386 de
308 2338 397 2404 praeda
413 2338 501 2386 Paulus
518 2337 552 2385 eis
569 2336 670 2396 dederit,

111 2408 169 2471 Qui,
186 2410 257 2458 Persa
273 2410 349 2468 victo,
365 2408 452 2457 tribuit
467 2424 558 2475 genero
575 2408 700 2457 Tuberoni

14 2490 37 2524 60
158 2481 263 2546 Argenti
277 2481 364 2547 pondo
381 2481 490 2548 quinque
505 2480 629 2547 nichilque
646 2479 708 2538 sibi;

109 2552 225 2618 Denique
240 2569 306 2602 nunc
322 2552 409 2601 Paulus
425 2552 477 2600 vita
492 2552 595 2600 decessit
610 2568 709 2617 egenus,

74 2729 94 2762 52
106 2717 147 2752 hinc
157 2717 203 2762 rapit
213 2718 266 2751 iratus
278 2727 340 2752 censor
350 2716 372 2751 al.
385 2727 425 2751 man,
476 2727 495 2759 57
507 2727 603 2760 nonquam.
