2068 3216
843 142 873 191 61

285 231 319 280 us
335 228 543 264 nunonnursrnus
559 215 603 264 ΠΙ.
624 232 662 262 ι·
678 215 722 263 ΠΙ.
741 232 754 262 z

161 359 255 409 indolis
272 359 383 425 egregiae
398 373 460 424 puer
476 357 541 406 haud
557 359 627 406 timet
643 357 784 406 obviusire

211 430 281 480 Sillae
298 430 408 489 seviciae‚
425 431 504 478 Roma
520 441 602 478 tamen
617 429 719 478 timuit..
890 448 913 480 40

162 503 271 552 Postulat
286 501 394 551 Alcibias
411 502 513 550 meroris
529 516 631 550 noscere
647 518 729 549 causas

210 575 258 623 Pro
275 573 370 640 quibus
380 574 455 626 iratus
471 574 523 622 eius
540 585 590 622 erat
605 584 723 639 patruus:

162 646 271 694 Multum
286 644 451 711 prodiditaes
468 662 519 694 sese
534 644 675 711 inpendisse
691 643 793 693 Pericles
840 692 841 696 ,

210 717 281 766 Artis
297 717 323 765 in
339 717 450 783 expensis
465 733 528 765 voce
544 718 583 765 sui
597 715 704 783 populi3

163 789 314 851 «Quaerit»,
327 789 368 848 ait,
382 799 493 837 «certam
504 789 625 837 rationem
640 804 692 855 quo
708 787 754 836 sibi
766 787 874 846 reddam,
888 806 909 839 45

210 860 321 909 Reddam
337 877 387 926 quo
403 871 484 927 pacto,
501 877 553 908 non
569 860 626 909 satis
642 860 744 908 invenio
754 877 786 918 >›;

161 932 208 981 Cui
223 947 292 998 puer,
310 947 393 997 «ergo
411 931 481 981 stude
497 932 618 980 tationem
633 948 664 980 ne
680 942 747 997 petat
762 948 776 979 a
792 942 838 990 te„

209 1005 255 1052 Fac
272 1004 303 1051 sit
318 1015 346 1051 ut
361 1004 468 1052 intentus
485 1003 525 1052 hic
540 1004 598 1052 alias
614 1003 755 1070 populus».

161 1075 204 1124 Ille
220 1076 259 1124 vir
274 1086 366 1124 astutus
382 1075 481 1140 puerili
486 1076 599 1140 protinus
616 1091 674 1124 usus

209 1147 294 1195 Fertur
309 1147 414 1195 consilio
431 1146 541 1195 defitiens
557 1147 677 1212 proprio;

161 1218 232 1266 Excit
247 1218 364 1267 finitimos
381 1218 485 1267 collecto
501 1217 591 1267 robore
607 1218 682 1277 bello,

209 1290 320 1355 Occupat
336 1289 384 1338 hoc
400 1291 475 1358 cives,
491 1290 588 1356 questio
605 1302 672 1338 mota
689 1289 718 1337 sil
734 1300 751 1338 t.

162 1360 250 1410 Sollers
266 1361 374 1410 Alcibias
390 1361 491 1410 demum
506 1362 541 1410 sic
556 1361 618 1410 rexit
634 1361 743 1410 Athenas

208 1434 242 1482 Ut
258 1432 355 1482 dubites
371 1432 451 1482 bonus
468 1450 498 1482 an
514 1434 634 1498 pessimus
650 1433 764 1482 extiterit.

378 1600 422 1642 DE
437 1599 653 1643 FORTITUDINE

513 1727 526 1757 2

160 1815 268 1865 Sublicio
285 1815 371 1864 Tuscis
387 1827 463 1882 ponte
478 1816 675 1883 irrumpentibusv
686 1816 781 1875 urbem,

207 1889 259 1936 Iam
274 1887 405 1954 desperatis
422 1887 611 1937 Romulidarum
626 1888 721 1947 animis,

160 1958 308 2008 Conscendit
323 1970 418 2024 partem
432 1974 510 2025 prope
525 1959 609 2024 pontis
627 1959 730 2008 Oracius
746 1959 829 2019 imam,

208 2031 353 2096 Cognomen
370 2031 455 2079 Cocles
472 2030 556 2079 militis
572 2030 645 2079 huius
662 2042 720 2090 erat,

160 2102 210 2165 Qui
227 2102 326 2150 Tirrena
343 2119 388 2151 suo
405 2102 471 2150 solus
487 2102 544 2151 tulit
559 2103 657 2168 agmina
674 2114 752 2162 scuto,

207 2174 295 2222 Donec
310 2189 365 2239 pars
380 2174 464 2239 pontis
480 2185 578 2239 postera
594 2185 665 2239 rupta
680 2173 745 2234 fuit3

158 2245 273 2293 Armatus
290 2244 390 2293 demum
406 2245 469 2293 saltu
485 2262 510 2294 se
525 2246 582 2294 iecit
597 2245 624 2293 in
640 2262 745 2305 amnem,

206 2316 322 2365 Lenifluis
338 2315 410 2364 undis
427 2317 525 2365 sustulit
540 2316 606 2365 hunc
622 2317 735 2376 Tiberis;

158 2388 240 2436 Armis
257 2404 301 2436 nec
316 2403 421 2453 pressus,
439 2387 509 2436 fluvii
524 2405 569 2436 nec
584 2389 680 2436 vortice
695 2399 783 2447 tortus,

206 2459 260 2507 Imo
276 2476 321 2507 nec
337 2475 438 2518 mersus,
456 2459 549 2508 saucius
566 2471 591 2508 at
606 2460 695 2519 iaculo,

158 2529 278 2579 Hostibus
294 2547 321 2578 ac
338 2531 410 2579 sociis
427 2530 530 2596 stupidis
547 2531 577 2579 ad
592 2531 666 2579 litora
681 2532 765 2580 uenit:

206 2602 317 2651 Victores
335 2602 428 2651 Tuscos
444 2603 505 2650 vicit
520 2602 561 2650 hic
576 2619 640 2651 unus
657 2603 751 2663 homo;

120 2756 141 2788 43
152 2756 188 2779 sese
197 2746 213 2778 r'n
221 2756 253 2778 ras.
