2068 3216
322 240 428 274 HYMNUS
445 240 474 273 IN
491 237 599 272 HONORE
614 238 636 271 B.
654 237 737 272 MAURI

176 368 279 434 Sanguis
296 379 409 416 excoctus
426 378 500 416 scatet
516 376 567 415 ater
581 366 637 415 imis

222 440 262 488 De
277 450 333 488 cute
349 439 434 497 rimis;

175 594 277 644 Flexiles
293 609 383 643 nervos
399 594 467 660 rigor
482 593 547 659 ignis
562 603 631 653 artat,

176 666 283 715 Flamma
299 665 429 715 stridorem
444 664 564 731 crepitans
579 664 689 725 remittit,

173 738 238 787 ¹Assa
253 737 367 787 nidorem
383 752 438 785 caro
455 736 536 786 reddit
550 748 639 796 atrurn,

223 809 327 876 Deperit
342 809 440 858 humor.

176 965 269 1014 Prestat
284 965 393 1015 inmotus
408 963 472 1013 facie
489 979 572 1012 serena

176 1037 209 1084 Et
223 1036 285 1102 polo
300 1035 355 1085 fixis
372 1036 450 1084 oculis
465 1034 585 1102 profatur,

177 1125 192 1155 a
201 1108 264 1156 Ecce
280 1107 329 1157 iarn
344 1118 433 1156 votum
448 1119 521 1156 teneo
536 1107 657 1174 cupitum,

224 1180 277 1228 Iam
292 1178 363 1228 fruor
377 1179 438 1238 iilo;

179 1335 223 1382 Me
238 1350 322 1383 meum
336 1350 420 1400 regem
435 1334 510 1383 video
526 1345 664 1394 vocantem,

177 1405 290 1456 Obvium
305 1406 354 1454 iam
369 1407 493 1472 conspitio
507 1418 643 1473 potentem,
700 1459 701 1462 ,

178 1477 237 1526 Eius
254 1478 336 1526 electis
352 1479 434 1526 socior
448 1478 559 1538 catervis,

227 1550 305 1598 Gesto
321 1565 445 1598 coronam.

177 1704 253 1754 Nulla
268 1705 317 1753 iam
332 1715 453 1753 tormenta
468 1720 587 1772 pavesco,
597 1704 676 1754 nullas

180 1777 264 1832 Sentio
279 1791 388 1841 poenas:
404 1776 485 1836 miser,
502 1776 624 1836 erubesce,

180 1847 313 1896 Erubescat
329 1863 371 1897 rex
385 1859 441 1897 tuus
457 1848 499 1897 ille
514 1864 628 1915 nequam,

229 1919 343 1968 Criminis
359 1931 443 1979 act0r;

178 2074 282 2123 Desinas
299 2074 389 2123 Christi
404 2074 493 2124 laniare
508 2069 616 2135 menbra,

180 2145 255 2211 Cogis
270 2145 381 2207 invitam,
397 2147 478 2207 miser,
495 2147 546 2196 eius
561 2147 622 2196 iram

180 2217 255 2266 Cuius
270 2217 372 2267 invictas
387 2218 464 2284 liquet
479 2235 530 2268 esse
545 2220 609 2268 vires

228 2290 406 2355 Perpetuasque
416 2307 438 2338 >›.

181 2444 265 2494 Cernit
280 2455 308 2492 ut
322 2444 397 2493 iudex
410 2446 525 2495 animum
540 2457 656 2505 tenacem,

182 2517 214 2564 Et
229 2516 307 2564 minas
322 2516 457 2583 plagasque
473 2518 557 2566 timere
573 2517 659 2577 nullas,

148 2668 179 2702 197
193 2664 269 2702 prestat:
281 2667 289 2691 r
301 2663 380 2702 suprascr.
394 2659 415 2693 R.
463 2658 547 2692 immotus
567 2659 586 2692 Ρ.
658 2661 689 2702 198
709 2656 799 2701 (o).(culis)
818 2668 851 2691 ras.
871 2659 892 2692 R.

112 2717 145 2740 200
162 2705 211 2739 furor
227 2705 246 2739 P.
318 2716 350 2739 202
368 2706 457 2750 conspicio
475 2707 493 2741 P.
565 2717 595 2749 ²05
609 2705 663 2740 mulla
673 2707 695 2740 R.
767 2704 799 2739 206
810 2716 863 2749 penas
874 2707 893 2740 P.

113 2764 144 2798 209
157 2752 234 2787 membra
245 2753 264 2786 P.
