2068 3216
774 188 819 249 165

189 276 224 310 Du
239 276 447 311 memorabamus
463 261 518 310 vit.
536 257 608 311 mor.
626 288 642 296 -
659 259 714 308 VII.
734 276 744 307 1

352 974 517 1018 PROLOGUS
538 974 583 1018 VII

107 1121 179 1169 Toto
194 1119 276 1168 felices
292 1118 384 1168 fuerint
400 1120 443 1186 qui
458 1131 569 1185 tempore
584 1119 657 1179 vitae,

160 1191 185 1240 A
200 1190 316 1257 gravibus
333 1207 395 1257 quae
410 1191 459 1240 sint
475 1191 594 1240 dictave]
610 1202 662 1239 acta
678 1191 747 1251 viris

114 1263 184 1326 Quae
200 1262 248 1311 sint
265 1262 329 1324 dieta
345 1261 435 1323 vafrae,
449 1279 510 1328 quae
525 1261 594 1311 vafre
609 1261 673 1311 facta
687 1262 765 1323 fuere,

163 1334 263 1400 Quique
278 1333 369 1399 repulsi
385 1334 433 1383 sint
448 1351 506 1383 eum
520 1345 631 1400 peterent
646 1334 735 1401 aliqua,

113 1406 153 1454 De
169 1402 355 1471 stragematibus
372 1422 434 1471 quae
449 1405 571 1471 compulit
586 1421 638 1454 esse
654 1422 760 1465 necesse,
854 1428 862 1460 5

162 1477 202 1525 De
218 1477 367 1525 testamentis
384 1494 446 1543 quae
462 1488 512 1526 rata
528 1478 632 1525 scissave
649 1477 705 1537 sint,

115 1548 223 1597 Heredes
239 1546 330 1596 fuerint
347 1549 389 1614 qui
406 1560 490 1597 contra
506 1559 565 1598 vota
580 1560 717 1614 parentum,

163 1618 271 1668 Heredes
287 1619 348 1668 alios
365 1620 408 1685 qui
424 1620 470 1669 sibi
485 1620 652 1687 praetulerint,

115 1691 164 1740 Dic
179 1707 232 1755 age,
250 1690 401 1760 Thersicore,
418 1709 476 1740 cum
491 1692 523 1740 sis
539 1692 668 1740 instructio
686 1691 773 1751 Grece,

163 1762 293 1811 Delectans
310 1763 413 1826 animos,
429 1764 529 1823 instrue,
547 1763 627 1823 docta,
644 1763 725 1811 rudes.
844 1786 866 1810 ιο

115 2084 229 2129 INCIPIT
244 2084 335 2133 LIBER
349 2084 394 2127 VII

165 2168 221 2224 QUI
236 2168 308 2211 IUGIs
321 2166 503 2211 FELICITATE
519 2166 623 2211 FRUITI
640 2166 710 2211 SINT

464 2319 474 2350 1

118 2409 201 2471 Quam
215 2408 274 2457 feiix
290 2408 398 2471 Quintus
414 2407 573 2474 permanserit
589 2424 667 2472 usque
684 2407 800 2456 Meteilus

167 2479 274 2546 Tempus
291 2480 318 2527 in
333 2491 469 2528 extremum
485 2479 568 2527 matris
584 2479 615 2527 ab
631 2478 765 2527 uberibus!

117 2551 159 2600 Ad
174 2552 303 2600 cumulum
318 2552 403 2617 pIenae
420 2550 534 2616 gradibus
552 2562 613 2615 quot
629 2550 798 2617 prosperitatis

167 2623 287 2681 Pervenit,
304 2622 374 2670 dictis
391 2622 492 2687 colligo,
509 2620 581 2680 Rufe,
598 2622 663 2681 tuis;

83 2801 97 2832 1,
110 2800 119 2823 2
131 2789 202 2823 matris:
214 2796 221 2822 t
231 2795 310 2833 suprascr.
