2068 3216
441 234 559 269 arastum
584 220 632 268 VII

184 363 215 411 Et
230 362 295 411 Frixi
311 362 423 411 dextrum
438 362 571 428 quatientis
587 361 635 410 tela
650 361 774 421 lacertum,

231 435 339 500 Utraque
354 449 424 482 crura
439 433 493 482 Lici
507 433 609 483 vulnera
624 449 670 482 nec
685 434 809 500 geminat;

183 506 281 555 Dividit
297 517 321 555 et
336 505 417 571 rigido
434 505 542 556 medium
558 506 708 555 Parmenona
722 505 797 565 ferro,

232 577 288 641 Qua
302 578 365 626 latus
380 576 478 626 lumbos
495 576 589 626 balteus
604 576 737 636 ambierat;

183 649 290 700 Pectoris
306 648 405 715 inpulsu
421 650 515 714 Lagum
529 649 663 714 prosternit
678 649 769 714 equini,

233 721 407 788 Surgentisque
422 731 494 787 caput
509 720 655 769 comminuit
671 721 745 780 silice,

184 792 275 858 Regius
291 809 346 842 ecce
362 807 443 857 gener,
460 792 558 858 sonipes
575 808 648 857 quem
664 792 794 842 Thessalus
810 792 891 853 infert,

231 863 301 912 Auro
317 880 375 912 cum
390 863 493 929 gemmis
509 863 601 912 murice
616 864 771 931 conspicuus,

184 938 215 985 Et
231 937 274 1001 qui
290 951 410 984 sessorem
424 935 521 983 nullum
535 946 658 1002 pateretur
673 936 798 995 inermem,

231 1008 271 1057 Ad
287 1023 387 1055 cursum
401 1007 485 1072 pronis
502 1007 594 1055 tardior
609 1006 675 1056 haud
690 1007 813 1074 zephiris:
895 1028 928 1062 330

184 1079 271 1128 Gestat
287 1078 416 1127 roboream
430 1079 501 1145 parvi
516 1095 561 1127 nec
576 1078 693 1145 ponderis
709 1078 810 1139 hastam,

230 1151 362 1202 Accinctus
373 1151 469 1203 n‚Getico
484 1150 548 1203 forte
563 1150 625 1199 latus
642 1150 733 1216 gladio,
808 1203 810 1205 ,

183 1223 272 1272 Pectus
284 1221 357 1271 habet
372 1222 447 1271 lorica
462 1222 557 1287 triplex,
575 1222 712 1288 Cripriique
728 1223 823 1272 sinister

231 1295 302 1344 Aeris
317 1293 382 1343 fasce
398 1309 498 1359 gravem
512 1293 560 1342 fert
575 1293 691 1344 humerus
707 1294 822 1361 clipeum,

184 1366 259 1415 Crura
274 1377 362 1431 tegunt
377 1381 462 1415 ocreae
478 1366 587 1432 spetioso
604 1365 747 1415 emblemate
762 1367 849 1433 pictae,
896 1386 927 1420 aas

232 1438 314 1486 Calcat
329 1436 402 1486 habet
417 1437 479 1485 talos
495 1454 548 1486 aere
564 1437 642 1486 nitens
659 1438 751 1487 rutilo:

184 1509 293 1574 Corpore
308 1525 424 1574 procerus
441 1509 534 1558 Basilus
550 1509 671 1574 vultuque
686 1509 798 1569 decorus,

232 1581 335 1629 Tectum
351 1580 488 1646 splendenti
503 1580 596 1630 casside
610 1581 728 1630 verticem
743 1581 843 1641 habens,

183 1654 304 1702 Provocat
319 1651 420 1701 heroam
435 1652 549 1712 clamans,
566 1652 718 1719 «stipendia,
735 1653 829 1713 Guido,

231 1725 276 1772 Per
290 1723 373 1790 pelagi
387 1724 492 1790 longum
506 1739 599 1791 perque
615 1724 662 1773 soli
679 1725 784 1791 spatium
896 1744 929 1778 340

183 1795 302 1861 Inquisita
318 1794 361 1843 diu
376 1796 524 1862 persolvo»,
540 1796 645 1860 iacitque
659 1795 777 1845 trabalem

232 1867 365 1930 Quercum,
381 1866 534 1932 perfringens
551 1867 735 1934 quadruplicem
750 1868 864 1935 clipeum,

183 1939 286 2005 Rumpit
301 1949 325 1987 et
340 1950 445 1987 amatam
460 1939 572 1987 districto
587 1950 687 2005 pectore
702 1950 812 1998 vestem;

232 2010 331 2058 Saucius
347 2010 441 2059 inflicto
457 2011 558 2059 vulnere
575 2010 660 2060 Guido
676 2009 766 2070 fremit,

184 2082 291 2147 Quoque
306 2082 372 2130 valet
388 2082 469 2130 Basilo
485 2082 587 2130 dimittit
602 2081 691 2131 robore
707 2083 791 2142 telum,
897 2102 928 2135 345

231 2154 390 2201 Praeveniens
406 2154 484 2201 ictum
498 2166 601 2202 cesserat
616 2153 658 2202 ille
673 2154 746 2203 loco:

184 2224 251 2273 Exiit
267 2224 300 2273 ob
315 2225 413 2290 plagam
428 2226 558 2274 certamine
575 2225 660 2274 Guido
676 2225 829 2274 medendam.

230 2296 334 2344 Incaluit
350 2297 428 2345 virtus
445 2296 536 2345 Marcia
552 2298 736 2362 Francigenum,

183 2369 249 2417 Nam
265 2368 390 2416 Senonum
407 2368 495 2417 Sibaris
512 2369 542 2417 de
558 2369 676 2434 sanguine
692 2368 786 2434 spicula
801 2369 881 2427 torsit,

232 2439 354 2488 Traiciens
371 2440 445 2488 Basili
461 2457 532 2489 sevus
548 2451 681 2505 utrumque
695 2441 766 2499 latus,
898 2460 931 2493 350

184 2510 236 2573 Qui
251 2511 301 2558 ruit
317 2522 340 2559 et
355 2511 451 2577 largum
466 2512 551 2577 patulo
568 2511 598 2560 de
613 2512 715 2560 vulnere
731 2510 827 2560 fontem

148 2663 178 2697 325
191 2651 286 2696 impulsum
296 2652 346 2696 Jenal.
408 2664 438 2698 343
447 2653 536 2697 (ama)tam
543 2652 623 2687 districto
630 2654 646 2687 in
653 2664 686 2687 ras.
756 2663 787 2697 344
795 2653 861 2687 saucius
870 2653 895 2686 in-

112 2700 162 2736 flicto
168 2699 254 2743 studuere)
262 2702 318 2735 inrat.
374 2711 402 2745 345
416 2712 486 2746 quoque
491 2700 539 2735 valet
544 2700 600 2735 basilo
606 2703 622 2735 in
628 2711 661 2735 ras.
717 2700 748 2745 346
754 2706 788 2735 tota
793 2700 834 2735 linea
839 2703 856 2735 ia
862 2712 894 2735 ras.

114 2747 291 2792 347totalinaa1'nras.
340 2759 370 2792 351
383 2748 474 2793 etlargum
480 2748 541 2792 patulo
546 2751 563 2782 in
569 2760 601 2783 ras.
650 2748 777 2792 (fontem).ras.
