2068 3216
198 129 247 175 334

469 199 587 234 Ensruur
613 186 637 233 X

246 328 372 393 Quicquid
387 328 418 377 ab
434 328 472 376 his
488 328 541 377 fieri
556 329 713 394 propositum
728 328 819 388 fuerit3

198 399 274 462 Quod
290 401 347 448 satis
363 399 494 465 indignum
510 400 598 449 sentire
615 400 720 466 satisque
736 400 876 461 molestum,

245 472 336 520 Remur
352 470 382 520 de
398 471 476 537 digno
493 471 568 537 digna
584 472 683 521 volente
699 472 763 522 deo:
796 466 800 475 “

196 542 306 592 Instabili
322 542 433 610 posuisse
450 560 522 592 suum
537 560 611 609 grave
626 544 690 593 velie
707 544 752 593 sub
767 554 834 593 astro

246 614 345 682 Subque
360 631 465 673 necesse,
483 631 551 663 suam
567 616 677 664 merserit
693 627 721 664 ut
736 614 854 664 fabricam
863 634 870 676 ;

197 686 335 735 Consilium
349 687 430 752 periit,
445 687 504 735 loris
520 687 677 753 astringimur
692 688 757 747 artis,

244 758 296 817 Nil,
313 757 398 817 homo,
414 759 463 806 iam
477 759 580 824 proprio
596 758 692 825 perficis
708 759 826 808 arbitriol

197 830 333 878 Gustarunt
349 830 450 878 minime
466 831 598 895 quicquam
614 830 750 880 dulcedinis
767 849 796 880 ex
811 843 843 891 te,

245 901 279 949 Te
296 902 453 967 quicumque,
470 902 538 961 deus,
555 902 659 969 inproba
675 903 738 952 velle
754 914 848 970 putant.

197 973 270 1039 Signa
284 971 427 1022 futurorum
442 974 556 1023 nonnulli
572 973 650 1023 sidera
666 974 767 1034 malunt,

244 1044 336 1109 Nilque
351 1045 478 1110 potestatis
494 1046 656 1111 astipulantur
671 1046 714 1105 eis,

196 1116 261 1164 Ottu
276 1133 337 1165 veto
354 1133 399 1165 suo
416 1116 507 1182 signari
523 1129 633 1184 tempora
649 1129 725 1177 cetto,

244 1188 394 1248 Autunmos‚
411 1188 512 1248 hiemes,
528 1205 669 1254 caumaque,
686 1189 795 1255 miteque
809 1205 861 1249 ver,

196 1259 346 1309 Somniferae
361 1260 442 1308 noctis
458 1260 577 1309 radiantes
593 1261 654 1309 lucis
671 1273 695 1310 et
711 1261 791 1320 horas,

244 1332 412 1398 Uttorumque
427 1348 496 1398 pares
512 1345 614 1397 utraque
631 1333 745 1381 solsticia.

195 1403 262 1451 Haec
278 1404 321 1452 sed
336 1403 452 1452 discernit
467 1403 525 1453 fidei
540 1404 580 1470 pia
595 1420 690 1465 norma,
707 1404 796 1453 refellit

244 1474 313 1537 Quae
330 1474 377 1523 sibi
394 1488 535 1541 suspectum
550 1475 642 1541 dogma
659 1475 864 1536 mathematicum,

195 1545 295 1595 Fallitur
311 1546 422 1595 excubias
438 1547 510 1596 bellis
526 1547 646 1596 celebrare
663 1547 731 1613 quod
746 1560 809 1596 astra

243 1617 347 1667 Actibus
364 1631 388 1667 et
403 1619 503 1679 nostris,
519 1619 591 1667 rebus
608 1630 632 1667 et
648 1619 795 1685 omnigenis,

194 1690 291 1739 Astruit
306 1689 419 1739 humanis
434 1691 550 1739 connasci
565 1691 683 1755 partubus
698 1703 793 1739 astrum

243 1762 307 1811 Cum
323 1762 395 1810 simul
412 1763 502 1811 exortis
519 1774 543 1810 et
559 1762 631 1810 simul
648 1762 774 1812 occidere:

194 1834 275 1882 Fallax
290 1834 419 1883 credulitas
435 1833 494 1882 haec
510 1834 575 1899 inpia
591 1833 665 1882 corda
680 1833 775 1899 fatigat,

242 1905 344 1970 Ignibus
360 1905 477 1954 aethereis
493 1906 530 1954 ius
546 1905 679 1954 tribuendo
695 1905 742 1954 dei.

195 1977 296 2026 Casibus
313 1989 349 2025 est
365 1977 438 2025 etiam
454 1977 497 2042 qui
513 1988 599 2025 cuncta
616 1976 714 2026 subesse
731 1976 822 2035 suadet,

242 2048 356 2114 Abnegat
372 2049 414 2097 ille
429 2048 469 2096 dei
485 2049 586 2097 numine
601 2060 689 2097 cuncta
704 2049 773 2114 regi;

194 2120 269 2170 Nosti
283 2119 416 2169 fortuitum
431 2120 488 2179 dici,
505 2120 554 2169 dici
570 2137 670 2185 quoque
686 2136 776 2180 casum,

241 2192 286 2241 Vis
302 2192 396 2257 aliquid
412 2192 526 2257 quotiens
543 2192 641 2241 sedulus
658 2191 759 2251 efficere,

193 2263 310 2312 Provenit
325 2263 391 2312 unde
406 2263 452 2312 tibi
468 2280 520 2311 non
535 2263 598 2312 illud
614 2263 683 2328 quod
699 2262 812 2322 statuisti,

243 2335 289 2384 Sed
306 2335 375 2401 quod
390 2335 509 2384 nescieras
525 2335 641 2400 provenit
657 2334 714 2384 inde
730 2335 792 2393 tibi;

193 2408 254 2456 Non
268 2406 399 2455 hominum
414 2422 563 2472 quemquam
576 2423 645 2455 casus
659 2406 718 2455 facit
733 2423 785 2455 esse
800 2405 907 2463 beatum,

241 2479 285 2527 Nil
296 2496 364 2527 casus
376 2477 480 2537 confert,
491 2478 527 2526 nil
539 2477 584 2526 sibi
595 2477 742 2537 fortuitum3

192 2552 253 2599 Non
269 2550 324 2599 beat
340 2562 462 2599 astrorum
478 2550 559 2608 stati0,
576 2566 628 2598 non
644 2560 726 2598 motus
744 2564 838 2608 eorum,

156 2727 185 2750 111
199 2715 248 2750 bellis
260 2715 346 2750 celebrare
356 2717 373 2749 in
384 2727 417 2750 ras.
