2068 3216
224 147 273 192 242
328 220 363 253 ou
378 219 587 258 Mnuonanrumus
603 205 648 253 IX.
668 220 697 265 14
712 233 722 240 -
738 204 783 252 IX.
803 220 828 266 15

222 346 302 395 Peiice
318 362 380 412 quae
395 346 444 395 lesa
459 345 525 395 iusto
541 356 667 394 commota
683 345 778 404 dolore,

270 418 346 467 Illum
361 415 491 466 mortificat
506 416 613 466 foederis
628 416 680 466 ulta
696 417 804 466 thorum.

224 488 362 555 Quinquies
379 488 475 538 octonis
491 488 604 556 princeps
621 489 750 538 Dionisius
765 487 834 537 annis

272 560 368 620 Extitit‚
384 559 502 609 infestum
515 560 680 626 perpeciendo
696 571 798 620 metum,

223 632 346 699 Denique,
363 632 493 681 summotis
509 649 523 680 a
539 648 564 681 se
579 631 702 681 violenter
716 631 809 692 amicis,
855 629 856 632 ’

272 703 353 754 Vailat
370 720 394 752 se
411 704 487 752 servis
503 702 593 752 robore
608 703 762 769 praevalidis,

224 776 296 842 Legit
312 786 336 824 et
351 774 469 824 asseculas
486 774 517 824 de
533 774 642 824 barbarie
658 774 705 824 sibi
721 792 786 835 seva,
937 784 950 820 f.
963 796 996 819 102

272 846 408 898 Ambibant
423 846 496 895 armis
513 846 564 896 eius
581 859 606 895 et
621 846 657 895 hii
672 847 753 906 latera,

226 918 398 984 Tonsoresque
413 918 511 978 timens,
527 929 594 966 natas
611 917 713 967 tondere
729 917 840 978 docebat,

273 990 349 1040 Nulla
364 989 474 1039 totondit
490 1006 548 1039 eum
563 1006 623 1039 mox
637 1001 665 1038 ut
681 989 763 1039 adulta
778 988 841 1039 fuit:

225 1061 339 1128 Namque
350 1077 443 1110 nucum
454 1072 545 1111 resecat
555 1061 666 1111 fervente
676 1061 802 1129 putamine
814 1060 921 1120 barbam,

273 1134 368 1182 Dicunt
385 1133 559 1198 «iuglandes»
575 1133 677 1182 nomine
693 1149 752 1198 quas
768 1133 857 1192 Latio;

226 1205 298 1253 Binas
314 1220 402 1254 uxores
418 1204 504 1253 habuit
519 1221 565 1253 nec
580 1204 683 1254 credidit
698 1205 746 1253 illis

274 1276 309 1326 Ni
324 1277 479 1343 perscrutatis
495 1276 605 1326 vestibus
621 1276 730 1336 interius,

227 1347 355 1414 Tanquam
370 1359 454 1407 castra,
471 1364 544 1398 suum
559 1347 625 1397 fossa
640 1348 756 1414 valloque
771 1346 896 1396 cubiclum

275 1418 375 1479 Muniit,
392 1437 422 1468 ex
435 1419 509 1486 lignis
525 1431 602 1486 ponte
619 1419 783 1487 superpositO,

226 1489 314 1539 Militis
331 1491 442 1540 excubias
459 1503 566 1540 statuens
581 1491 651 1550 foris,
668 1491 765 1540 obserat
780 1491 845 1539 intus

274 1563 400 1628 Ingressus
417 1562 484 1612 duris
500 1562 612 1612 vectibus
627 1563 679 1629 ipse
694 1562 769 1612 fores.

367 1754 411 1797 DE
430 1752 649 1798 SIMILITUDINE
666 1751 799 1796 FORMAE

567 1904 591 1949 15

226 1995 315 2045 Vivius
331 1994 460 2060 ingenuus,
477 1994 588 2061 Pompei,
603 1993 699 2042 fuerant
715 1992 769 2054 tibi,
785 1988 885 2060 Magne,

275 2068 308 2115 Et
322 2065 449 2114 libertinus
466 2065 590 2116 Publicius
607 2065 706 2125 similes,

226 2139 274 2186 Pro
291 2137 380 2204 quibus
396 2138 449 2205 ipse
465 2137 563 2186 salutari
577 2151 622 2203 per
638 2151 709 2204 saepe
725 2135 847 2203 stupebis,

276 2209 328 2272 Qui
343 2207 521 2258 venerabantur
536 2207 623 2257 crebro
639 2219 684 2256 tuo
700 2208 798 2257 merito.

226 2281 339 2330 Fortuito
354 2297 400 2330 nec
414 2279 522 2329 ludibrio
538 2291 606 2345 pater
621 2280 670 2328 hoc
684 2279 732 2328 fuit
748 2295 834 2330 exors:

275 2352 364 2400 Extitit
378 2352 419 2401 iile
434 2368 496 2400 coco
512 2351 648 2400 consimilis
663 2351 774 2418 proptio,

227 2424 289 2472 Belli
303 2434 391 2490 potens
408 2423 540 2489 animoque
555 2422 626 2471 ferox
641 2422 791 2488 cognomine
806 2422 873 2487 turpi

274 2495 373 2543 Dicitur
388 2512 401 2543 6
416 2505 472 2543 1010
488 2496 639 2561 Menogenes
655 2493 758 2561 populu.

227 2566 310 2633 Scipio
327 2566 434 2625 Corneli,
449 2566 600 2632 cognomina
614 2565 720 2633 plurima
734 2565 799 2613 ciara

275 2637 447 2703 Nobilitasque
462 2637 527 2686 foret
543 2653 601 2685 cum
616 2636 662 2685 tibi
676 2637 814 2703 praecipua,

228 2709 344 2777 Serapion
359 2720 411 2757 tota
426 2709 575 2774 cognomine
592 2708 678 2757 diceris
694 2708 762 2776 urbe,
