2068 3216
158 152 189 197 50
290 223 325 256 uu
337 217 549 255 :Munounsnmu's
565 206 626 268 11⁴3
638 217 655 241 ’-
670 206 702 255 II.
720 222 735 266 4

171 348 353 399 '<‹Formidet
369 348 439 398 miles
456 349 560 416 amplius
576 348 648 398 hoste
663 348 805 409 ducem»;.'
860 367 862 370 ’

155 423 215 471 Eius
231 422 365 489 praeceptis
381 422 414 470 ita
430 420 530 469 demum
545 431 657 487 promtus
673 419 806 483 obaudit,
836 416 846 461 J

196 494 230 543 'Si
242 493 277 549 sit
292 493 380 542 terrori
395 493 488 541 mixtus
502 507 571 540 amor
586 488 676 557 parilis.
709 503 710 506 ’

156 561 304 631 Sparthanae'
318 576 405 613 matres
420 564 492 613 'natos
508 563 543 612 ad?
555 562 619 612 bella
634 556 730 612 ruentes
794 600 795 603 η
865 573 879 610 f.
896 586 918 609 22

203 636 343 685 Firmabant
358 635 459 684 monitis
476 635 533 683 talia
547 633 623 683 fando
640 635 706 685 suis:
724 665 725 668 =
779 646 788 674 ἒ
806 673 808 677 ,

156 708 251 757 «Bello
265 725 315 757 vos
328 706 428 756 reduces
444 717 522 755 tectos
538 706 695 772 agnoscimus
711 707 793 767 armis,
837 709 855 740 =‘

204 779 288 828 Armis
304 790 390 828 exutos
406 778 487 827 hercle
502 777 586 827 videre
601 777 686 844 pudet,

156 851 272 900 Mortuus
288 862 330 899 aut
339 850 419 899 'vivus
435 849 505 898 miles
522 849 604 898 redeat
619 850 726 915 galeatus
736 867 767 909 »3
837 845 856 890 ῙΪ

204 923 254 972 Vix
269 923 320 971 acie
336 922 467 988 quisquam
482 921 508 969 ni
523 920 625 970 timidus
642 921 742 987 capitur.
792 917 803 949 Ὺ

155 993 285 1042 Auxerunt
301 1005 425 1059 sceptrum
440 1003 665 1059 conservatumque
680 992 799 1041 Latinum
814 1015 815 1018 ¹
849 1028 851 1033 r

204 1065 295 1114 Debita
305 1076 418 1114 servatae
434 1064 517 1112 munia
533 1064 642 1113 militiae.

306 1225 309 1262 ³
359 1256 404 1298 DE
419 1222 682 1298 'tonsuratorum'

502 1404 517 1448 4

156 1499 244 1547 Essent
260 1496 321 1545 dum
337 1494 421 1561 cupidi
436 1510 548 1560 proceres
565 1494 596 1543 de
611 1494 682 1543 laude
697 1494 824 1560 triumphi,

204 1569 300 1617 Iustum
315 1567 378 1615 iusta
393 1566 498 1615 modum
514 1566 587 1615 Curia
602 1566 737 1615 constituit.

156 1642 225 1706 Ergo
240 1637 407 1706 triumphabat
423 1638 466 1705 qui
482 1637 549 1686 milia
565 1637 674 1704 quinque
689 1637 797 1697 necabat,

205 1710 309 1759 Hostilis
325 1721 419 1758 turmae
434 1709 557 1758 victorin
572 1725 620 1757 una
636 1709 694 1768 acie,

156 1785 189 1832 Et
204 1799 236 1831 ne
252 1781 282 1830 de
298 1796 401 1829 numero
417 1781 488 1829 liceat
504 1780 551 1829 sibi
565 1779 649 1829 fallere
665 1780 740 1840 dicto,

177 1880 180 1883 ,
205 1853 267 1903 Urbi
283 1851 422 1911 succedens,
439 1852 500 1901 dum
515 1851 578 1900 redit
594 1868 623 1900 ex
638 1852 692 1911 atie,

155 1928 222 1975 Iurat
237 1923 344 1991 praetori
360 1934 423 1990 quot
438 1923 506 1972 milia
522 1939 589 1971 caesa
605 1938 714 1983 suorum,

204 1995 318 2062 Agminis
335 1995 431 2043 hostilis
448 1995 515 2043 milia
531 2005 593 2061 quot
608 1994 700 2043 ruerint
709 2013 716 2054 ;

156 2070 237 2118 Poena
254 2078 341 2116 statuta
356 2065 412 2126 fuit,
428 2066 574 2132 praesumsit
589 2065 672 2114 fallere
688 2067 708 2114 si
724 2066 795 2133 quis,'

206 2140 261 2203 Qua
276 2138 405 2203 puniretur
421 2153 495 2204 quarn
511 2138 573 2186 Cato
588 2137 723 2186 constituit.

156 2213 201 2260 Est
217 2211 342 2259 submersa
357 2208 426 2258 vadis
443 2210 567 2258 Penorum
582 2209 686 2257 maxima
702 2208 792 2268 classis,

204 2283 303 2331 Praetor
319 2291 369 2329 erat
385 2279 496 2340 Valerus,
512 2279 600 2329 consul
615 2291 665 2329 erat
682 2280 795 2329 Catulus:

156 2354 243 2403 Gloria
258 2354 311 2402 iure
326 2351 380 2411 nbi,
397 2352 490 2412 Catule,
506 2368 620 2400 concessa
635 2352 761 2417 triumphi,
799 2387 801 2390 ψ

204 2427 237 2474 Et
253 2423 299 2474 sibi
315 2423 399 2472 deberi
415 2424 574 2490 conqueritur
589 2423 700 2483 Valerus,

156 2497 269 2546 «Porcio
283 2494 391 2560 praetori
407 2511 464 2544 cum
479 2494 580 2543 consule
595 2494 663 2543 nulla
678 2493 796 2560 triumphi
805 2511 836 2552 »;

204 2567 286 2616 «Mos
304 2565 377 2615 habet
395 2565 443 2616 hoc
460 2567 542 2615 nullus
561 2566 680 2626 consul»,
694 2566 732 2614 ait
750 2565 867 2623 Catulus;

117 2747 134 2778 4,
148 2748 167 2781 13
180 2735 249 2770 Catulo.
