2068 3216
801 175 811 206 1
819 176 827 220 5
836 176 847 220 3

320 246 355 279 DE
371 244 578 280 Mnuounummus
594 231 638 280 VI.
658 247 666 291 5

140 373 253 422 Declinat
268 372 376 437 Volscos,
388 374 447 423 aties
462 373 583 440 fugiendo
598 372 707 433 rebelles,

189 445 282 494 Consul
297 440 423 494 Atratinus
439 444 557 511 militibus
573 456 689 511 praeerat,

139 518 277 567 Instaurant
292 516 387 583 equites
401 517 478 566 aciem
492 517 647 583 Volscosque
662 516 793 577 trucidant,

189 589 267 637 Porro
282 584 375 637 tribuni
389 587 415 636 in
431 589 465 637 eis
482 599 587 657 quatuor
602 588 735 649 affuerant;

140 659 209 709 Dicis
225 659 348 720 Atratino,
364 659 442 726 plebis
457 658 515 727 post
529 660 575 709 ista
590 659 688 709 tribune

189 731 317 795 Hortensi,
330 731 362 780 ad
375 732 499 798 'populum
514 746 583 780 more
599 731 665 780 diem
681 732 763 791 solito,

140 803 274 854 innotescit
290 803 323 852 eis
339 803 444 852 Volscos
462 815 566 852 stravere
581 803 686 852 tribunis

190 875 296 924 Consule
312 874 425 923 Atratino
442 874 531 923 robore
547 874 590 941 qui
605 874 697 934 ualido,

140 947 224 996 iurant
240 945 379 1011 squalorem
393 962 445 994 non
461 963 486 995 se
502 946 624 1013 deponere
640 947 729 1005 cultus,

188 1019 277 1067 Donec
292 1017 393 1067 illorum
408 1017 458 1066 dux
472 1033 526 1066 reus
543 1018 656 1078 extiterit,

141 1090 211 1138 Mota
226 1089 384 1154 tribunorum
399 1089 557 1155 quis-concio
572 1101 625 1138 tota
641 1089 745 1156 querelis

190 1161 270 1211 Solvit
285 1160 426 1209 Atratinum
440 1159 511 1227 plebe
526 1160 623 1210 favente
639 1161 693 1210 sibi.

141 1233 257 1282 Claudius
268 1244 293 1281 et
303 1233 414 1281 Grachus
425 1232 492 1291 dum,
504 1248 590 1281 censor
600 1244 703 1299 uterque
714 1249 820 1292 severus,

188 1304 351 1354 Irritauissent
366 1303 486 1353 urbicolas
502 1304 607 1370 aliquos,

140 1377 210 1443 Ipsos
226 1375 335 1443 Popilius
351 1390 398 1442 pro
414 1376 499 1424 rostris
515 1375 594 1425 dicere
609 1392 706 1424 eausam

189 1447 316 1514 Praecipit,
330 1446 422 1496 offensa
437 1458 519 1496 motus
536 1458 560 1496 et
575 1447 627 1514 ipse
644 1464 694 1507 sua,

141 1520 201 1568 Eius
217 1518 303 1567 Rutilii
318 1519 396 1586 paries
412 1517 518 1567 deiectus
534 1519 606 1567 amici

188 1590 240 1639 Illis
255 1590 373 1639 infestum
387 1590 511 1657 Popilium
526 1591 616 1650 statuit,

142 1662 269 1712 Centuriae
284 1662 365 1710 classis
381 1662 474 1728 primae
488 1662 542 1722 tibi,
559 1661 653 1721 Claudi,
668 1661 781 1710 inimicae

191 1733 226 1782 Te
242 1733 382 1800 dampnant,
401 1733 500 1782 Gracho
515 1746 612 1801 promta
628 1734 727 1782 remissa
743 1733 831 1793 datur;

142 1804 252 1855 Grachus
268 1805 302 1853 ait
318 1805 369 1853 sine
385 1805 479 1870 collega
495 1805 541 1854 sibi
556 1805 622 1854 nolle
638 1806 736 1865 remitti,

189 1876 314 1936 Absolvit,
331 1877 425 1937 Claudi,
441 1888 466 1925 te
480 1876 588 1944 probitas
606 1877 674 1926 socii.

142 1949 214 1997 Cotta
229 1948 341 1997 tribunus
358 1959 415 2007 erat,
433 1948 476 2016 qui
490 1947 566 1997 fretus
582 1949 635 1996 iure
650 1948 755 2014 negabat

191 2019 290 2068 Solvere
305 2020 416 2086 poscenti
432 2018 522 2068 credita
538 2020 614 2068 multa
630 2020 684 2079 sibi,

142 2090 214 2140 Unde
229 2090 391 2149 tribunorum¹
402 2102 510 2139 statuunt
525 2091 628 2157 collegia
645 2092 743 2140 Cottam

190 2162 291 2211 Prestita
306 2162 333 2210 ni
349 2163 428 2211 soluat
443 2162 549 2211 fascibus
565 2179 667 2212 exuere:

141 2233 235 2282 Dicunt
250 2233 378 2300 perfidiam
393 2250 445 2282 non
461 2235 583 2283 maiestate
599 2235 723 2294 tuendam,

191 2306 304 2372 Namque
320 2306 490 2371 magistratum
505 2305 622 2355 condecet
638 2323 689 2355 esse
704 2305 819 2372 probum.

143 2376 216 2426 Urbis
233 2388 282 2424 erat
300 2377 401 2425 Scaurus
416 2377 509 2444 primus
525 2377 652 2444 plebisque
667 2376 789 2436 tribunus,

190 2448 287 2496 Invisus
305 2448 403 2516 Scauro,
420 2448 530 2508 subdole,
547 2460 582 2508 tn,
598 2449 714 2497 Domici:

142 2519 248 2568 Accusas
264 2520 368 2587 populo,
386 2521 406 2568 si
422 2531 445 2568 te
460 2519 559 2568 fortuna
576 2532 696 2586 sequatur,

192 2592 316 2657 Dampnes
333 2602 360 2639 ut
376 2608 494 2656 magnum
508 2591 579 2657 plebe
594 2592 691 2640 favente
707 2592 798 2650 uirum,

107 2768 127 2801 45
140 2755 208 2791 claudi:
220 2768 232 2791 ο
242 2758 271 2800 sig.
282 2768 312 2791 aas.
322 2763 401 2801 suprascr.
450 2756 470 2801 56
477 2756 558 2799 ¹domici:
570 2769 582 2792 o
591 2760 621 2801 sig.
632 2769 662 2792 asc.
672 2764 751 2802 suprascr.
