2068 3216
283 191 317 223 DE
333 187 540 224 uauuounumuus
556 176 575 223 Ι.
596 191 605 222 1
625 204 634 211 -
650 176 669 223 I.
688 193 701 223 2

135 318 217 366 Insula
233 317 263 366 de
278 317 349 382 ponti
366 334 391 365 se
406 317 493 365 fertilis
509 317 594 365 extulit
610 317 674 376 imis,-

184 389 306 454 Aequotis
323 389 388 438 haud
404 388 531 437 modicum
547 388 678 455 surripiens
696 390 808 454 spatium,

135 461 223 509 Nautis
240 460 376 510 iucundum
390 460 549 525 praetendens
566 460 664 526 hospita
679 473 787 526 portum,

184 534 250 580 Haec
266 533 329 580 intet
345 532 451 583 Thetam
467 532 656 599 Therasiamque
672 532 740 581 iacet.

134 605 249 652 inmenso
265 603 343 652 fuerat
360 603 486 673 quondam
501 603 643 667 circumflua
658 617 738 668 ponto

182 675 272 734 insula,
289 685 354 724 nunc
371 675 459 724 flutens
476 675 535 723 urbs
550 674 594 723 ubi
611 674 746 735 Terracina,

134 747 283 795 Ptucedente
299 746 387 798 dehinc
403 758 486 805 aetate,
504 747 601 795 recessit
617 746 710 795 abissus

183 820 214 866 Et
230 829 337 867 cessante
347 818 416 866 ¹fretu
433 818 494 866 sicca
511 818 625 866 terna-nsit
640 819 738 877 humus,

133 889 220 956 Fitque
235 889 302 938 ferax
317 890 418 949 Ceteris
434 889 512 938 fuerat
528 907 591 956 quae,
605 890 704 938 muricis
720 891 797 948 altrix,

183 961 254 1010 Tunc
270 961 326 1010 tetis
343 963 420 1020 curvi,
436 978 502 1010 nunc
518 959 611 1026 patiens
628 963 715 1011 atatti:

134 1033 246 1082 Creditur
261 1033 343 1082 Italiae
359 1033 483 1099 provintia
498 1034 580 1081 iuncta
595 1032 678 1091 fuisse,

182 1106 226 1153 Est
243 1106 334 1153 seclusa
349 1105 413 1153 freto
430 1116 492 1171 quae
508 1105 585 1153 modo
602 1104 733 1153 Trinacria.

133 1176 255 1225 Nondum
267 1177 431 1242 squamigeras
447 1176 482 1224 ibi
497 1177 572 1242 longa
589 1193 676 1241 sagena
693 1188 799 1225 catervas

182 1248 322 1307 Claudebat‚
339 1248 442 1296 madidis
459 1248 599 1314 inlaqueans
615 1248 734 1306 maculis;

133 1320 193 1368 Non
208 1319 293 1368 uberat
309 1320 379 1385 ponti
395 1320 513 1387 uiolentia
529 1319 589 1368 duta
604 1319 690 1377 vianti,

181 1392 241 1440 Non
257 1403 307 1439 erat
322 1391 444 1440 usandum
459 1391 558 1456 remigis
574 1391 709 1449 auxilium;

132 1463 185 1511 Nec
202 1455 326 1511 sorbendo
342 1473 403 1511 tates
420 1462 545 1528 mergebat
562 1479 618 1510 seva
635 1462 745 1510 Caribdis

181 1534 283 1583 Sciilave
298 1534 406 1594 latrabat,
423 1534 524 1599 inguina
541 1534 619 1582 cincta
635 1550 700 1582 cane.

131 1604 252 1665 Abscidit,
269 1606 347 1654 aerius
364 1623 411 1672 qua
428 1605 516 1654 desinit
532 1605 694 1671 Appenninus

125 1735 126 1738 Ἰ
179 1678 209 1725 In
224 1694 297 1736 mare,
314 1677 352 1726 vis
367 1678 449 1743 pelagi
465 1676 581 1726 dividuos
598 1677 722 1742 scopulos,
750 1701 752 1704 ·

131 1749 208 1797 Instar
224 1759 248 1796 et
264 1749 355 1797 extensi
370 1760 467 1797 teneant
483 1760 540 1797 cum
556 1759 647 1796 caeteta
664 1748 749 1813 stagni,

179 1820 282 1886 Aequor
297 1819 323 1868 id
339 1814 444 1869 excussit
459 1835 528 1868 more
545 1820 622 1868 fluens
639 1819 769 1878 Rhodani;

131 1890 197 1939 Hinc
212 1891 286 1939 etiam
301 1892 380 1940 multo
396 1892 439 1940 vix
454 1891 570 1940 transitur·
586 1891 637 1939 sine
653 1891 751 1950 darino,

104 1990 106 1998 ε
180 1963 282 2011 Securus
298 1974 372 2011 nemu
388 1975 497 2028 permeat
512 1962 561 2011 hoc
576 1962 650 2011 ideo:

130 2034 220 2082 Litoris
237 2045 353 2100 angustus
369 2047 498 2101 praerupta
514 2033 584 2082 fauce
600 2045 693 2082 meatus

179 2106 238 2168 Quo
254 2106 331 2171 magis
348 2117 385 2154 est
401 2118 473 2165 attus,
490 2106 547 2154 hinc
564 2105 645 2153 minus
662 2118 698 2153 est
713 2105 831 2169 placidus.

369 2231 413 2278 DE
428 2234 602 2279 PORTENTIS

484 2339 496 2369 2

129 2417 226 2465 Servius
244 2434 257 2464 a
273 2431 342 2465 serva
358 2417 392 2464 sic
408 2428 444 2465 est
461 2416 577 2484 genitrice
593 2425 703 2476 vocatus,

178 2485 273 2536 Tullius
289 2506 303 2536 a
318 2489 393 2554 patris
409 2489 510 2538 numine
527 2487 606 2535 dictus
623 2499 673 2535 etat
682 2505 689 2545 ;
863 2497 876 2531 f.
890 2508 914 2556 ῃ

104 2617 125 2653 7²
137 2605 281 2649 Therasiamque:
293 2605 299 2638 i
313 2605 335 2640 al.
344 2616 384 2639 man.
422 2616 444 2648 74
452 2616 498 2639 nunc
509 2611 589 2648 ttprascr.
614 2604 635 2648 76
644 2613 732 2639 cessante:
745 2612 841 2649 esuprascr.

57 2665 78 2696 77
90 2653 279 2696 Cereriszrsaaprascu
330 2657 348 2687 81
362 2652 544 2696 squamigeramal.
557 2663 597 2686 maa.
640 2664 662 2696 90
673 2653 742 2695 (fluen)s
761 2652 842 2687 Rhodani

56 2703 72 2734 ita
89 2712 121 2735 ras.
139 2701 161 2734 al.
179 2712 220 2735 maa.
269 2713 290 2745 92
303 2701 421 2744 (per)..(meat)
432 2712 464 2734 ms.
514 2711 533 2743 93
547 2700 638 2743 (li).(toris)
650 2711 682 2733 rat.
