2068 3216
416 221 500 255 Passio
516 221 538 254 u.
556 220 640 254 utrum
656 206 681 253 Π
855 153 905 199 377

189 349 259 398 Dum
274 349 352 415 magis
369 349 495 398 excrucior
510 349 579 398 velut
595 365 682 397 aurum
697 349 785 415 purior
800 360 865 410 exto,

134 476 135 480 Ἰ
191 421 291 469 Gratior
306 432 379 486 atque
394 437 460 480 meu,
477 437 552 486 quem
567 431 595 468 tu
610 420 697 480 nescis,
715 436 757 469 ero
775 420 881 471 Christo.

128 486 132 492 '
189 493 250 542 Non
265 492 376 542 formido
392 493 470 541 minas
487 508 546 558 quas
563 491 646 551 infers,
663 493 733 542 rideo
749 507 849 559 poenas,

191 564 258 612 Scito
274 575 327 613 tuas
345 564 379 612 sic
395 580 447 613 esse
462 564 549 623 minae,v
566 564 636 631 quasi
653 564 673 612 si
689 563 794 613 furiosas

189 637 270 685 Voces
287 636 381 685 emittat
397 635 495 684 rabidus
512 635 577 684 canis
594 636 635 684 hic
650 635 693 684 ubi
709 636 780 685 latrat
788 654 812 685 >>,
907 657 940 681 210

188 707 268 756 Audit
284 719 308 756 et
323 708 421 756 insanus
437 706 520 758 fremit
535 722 592 755 ursa
606 707 676 756 velut
692 708 826 767 Celerinus,

190 779 260 842 Quae
274 780 366 846 passim
382 779 455 846 raptis
472 778 586 828 discurrit
601 778 693 828 hiando
709 779 819 839 catellis;

190 851 322 911 Exclamat,
339 868 354 898 u
363 850 424 916 quid
439 850 491 916 agit
506 862 631 899 tortorum
646 851 717 900 turba
732 851 812 900 fidelis
829 851 840 899 ?

189 922 230 970 An
245 939 298 971 non
313 923 415 972 audistis
431 933 494 988 quot
509 923 684 987 quaetvomuit
697 923 789 990 probra
804 923 885 983 nobis,

188 994 294 1060 Ingessit
313 994 384 1044 dictis
405 1010 467 1059 quae
485 994 560 1043 verba
579 995 664 1043 canina
682 995 833 1061 protervis?
906 1016 938 1048 215

188 1067 314 1115 Demonas
331 1082 383 1115 esse
399 1065 459 1115 deos
475 1065 572 1115 latravit
587 1066 629 1115 hic
640 1082 691 1114 ore
704 1067 815 1126 scelesto,

188 1138 306 1205 Principis
322 1138 410 1186 invicti
424 1149 552 1205 praecepta
568 1138 672 1187 salubria
689 1139 788 1205 spernit,

189 1211 221 1258 Et
236 1210 309 1259 nobis
327 1209 399 1276 Stigii
414 1224 506 1276 poenas
522 1210 649 1258 minitatur
663 1209 765 1260 Averni.

188 1280 265 1347 Regia
281 1281 392 1332 maiestas
408 1280 450 1330 vel
466 1281 486 1329 si
502 1297 556 1330 mea
572 1281 624 1330 sola
639 1293 747 1348 potestas

190 1354 274 1420 Spreta
288 1353 362 1412 foret,
379 1367 485 1420 propera
501 1353 595 1402 censeri
611 1353 697 1402 debuit
711 1353 763 1403 ira:
905 1374 938 1397 220

189 1424 335 1491 Tempnitur
350 1425 487 1490 Augustus,
504 1424 540 1474 dii
555 1426 639 1491 magni
654 1424 830 1491 despiciuntur,

188 1497 236 1545 Pro
252 1496 350 1563 pudor!
367 1497 420 1562 ipse
435 1496 533 1563 probris
549 1496 623 1546 iudex
638 1495 742 1545 infestor
756 1497 857 1546 acerbis.

189 1569 236 1627 En,
251 1569 392 1634 accingatur
407 1568 504 1617 validus
520 1567 633 1635 fidusque
649 1568 752 1628 satelles,

190 1640 306 1706 Stringite
321 1640 371 1688 iarn
386 1639 494 1699 lumbos,
509 1638 586 1689 fortes
603 1640 693 1689 nudate
708 1640 820 1699 lacertos,

189 1711 341 1761 Ulciscamur
356 1728 411 1771 nos,
429 1727 530 1778 superos
546 1710 671 1761 defendite
686 1723 791 1771 vestros,
905 1732 937 1764 225

188 1782 265 1848 Regia
280 1783 409 1832 tormentis
426 1782 531 1832 stabilite
547 1794 635 1832 statuta
650 1783 765 1844 cruentis,

188 1854 295 1904 Perierat
310 1855 418 1903 invictus
434 1871 496 1920 quae
513 1866 600 1921 sponte
615 1855 667 1922 pati
681 1854 819 1921 profitetur,

190 1926 281 1976 Sentiat
296 1926 382 1975 ulcisci
397 1943 443 1976 nos
459 1927 649 1993 numinaposse
664 1926 769 1987 rebellis,

187 1998 273 2048 Discat
288 2009 460 2063 contemptum
475 2015 521 2046 nos
536 2013 610 2065 posse
626 1997 736 2047 refellere
751 2008 874 2056 nostrum,

188 2069 295 2120 Noverit
311 2081 335 2118 et
351 2070 436 2135 legum
451 2086 588 2135 numquam
602 2070 640 2119 ius
656 2069 887 2136 transgrediendum
897 2087 939 2128 μευ

189 2142 265 2190 Ocius
282 2141 412 2192 oeculeum
427 2140 528 2201 deferte,
545 2142 623 2190 levate
639 2141 781 2208 superbum,

187 2213 349 2262 Distendatur
365 2230 404 2273 e0‚
421 2224 528 2262 mortem
543 2213 587 2278 qui
601 2224 722 2278 provocat
737 2213 813 2272 ultro,

188 2286 314 2334 Pereurrat
328 2299 430 2352 poenas,
446 2301 506 2349 quas
523 2284 584 2333 dicit
599 2297 687 2351 sponte
702 2284 823 2343 ferendas,

188 2356 232 2406 Nil
248 2356 279 2405 de
294 2357 423 2406 tormentis
440 2356 483 2421 qui
498 2355 585 2406 clamat
600 2356 665 2405 velle
680 2356 801 2422 relinqui:

188 2428 271 2476 Falsus
288 2440 311 2476 et
327 2445 359 2476 an
374 2444 455 2487 verus,
472 2427 618 2476 cruciatibus
635 2427 818 2494 experiamur».
905 2447 937 2481 235

187 2499 293 2566 Implent
308 2498 418 2565 pestiferi
434 2499 541 2548 crudelia
556 2500 620 2548 iussa
636 2499 750 2558 ministri,

151 2644 183 2675 208
194 2651 247 2685 penas
258 2642 277 2675 P.
326 2652 359 2674 210
370 2641 477 2684 (h)icinras.
486 2643 507 2676 R.
556 2652 588 2683 217
600 2649 682 2685 precepta
692 2641 710 2675 P.
760 2644 791 2674 218
801 2651 861 2684 penas,
871 2640 904 2674 im-

115 2689 186 2723 rnitanu
198 2689 217 2722 P.
265 2699 297 2730 224
309 2689 405 2732 (stringi)te
416 2695 495 2733 suprascr.
508 2690 529 2723 R.
572 2689 604 2723 226
616 2688 805 2732 (stabili)te...(statuta)
813 2690 830 2722 in
838 2699 871 2722 ras.
881 2689 903 2722 R.

116 2740 147 2770 228
157 2737 221 2771 senciat
232 2737 250 2770 Ρ.
299 2748 331 2780 230
340 2747 412 2781 nunqua
420 2737 439 2771 P.
480 2748 510 2781 ²31
523 2736 601 2770 etuleum
612 2737 631 2771 P.
675 2748 706 2781 233
718 2747 814 2780 percurras,
823 2737 903 2780 penasP.
