2068 3216
127 2572 148 2594 10

212 121 259 180 298

473 203 591 236 Emsrurr
608 190 655 237 VH

212 332 284 392 Quos
301 331 344 379 ubi
361 333 468 396 persensi
485 348 524 380 me
540 331 641 396 perdere
657 332 729 391 velle,
746 330 834 397 refugi,

261 403 336 467 Liqui
352 419 412 451 vero
429 419 513 452 meum
529 419 586 451 cum
600 404 679 469 patria
695 405 803 469 genium,

212 474 358 539 Prolixaque
374 476 415 522 via
430 475 539 540 percurri
555 474 623 522 milia
639 475 724 533 multa,

261 545 302 594 Ad
319 546 453 610 Floraeque
469 547 553 594 virum
567 547 686 611 pervenio
703 546 829 595 Philirum.

212 617 283 665 Vidit
299 629 328 664 ut
344 617 472 666 inberbem
488 635 535 677 me,
551 629 724 683 percunctatur
739 635 770 667 an
786 633 864 666 essem

262 691 367 754 Integer,
385 689 489 738 obduxit
505 690 611 756 pallidus
628 706 671 738 ora
686 690 776 755 pudor,

214 760 328 808 ‘Adsum
345 761 446 809 servitio
456 763 471 821 '‚
489 762 548 820 dixi,
566 762 620 810 ‘vir
636 762 749 821 maxime,
765 772 865 810 vestro:

263 832 327 894 Quis
344 832 392 881 sim
406 833 447 880 vel
464 834 542 897 qualis
559 849 674 898 quaerere
690 833 750 882 nolo
766 833 828 881 velis
838 832 853 881 ’.

215 905 294 952 ‘Esto
311 921 393 953 comes
410 905 496 953 Florae
507 906 522 964 ',
539 905 667 971 respondit
683 906 722 953 vir
737 904 806 954 vafer
821 903 870 963 ille,

264 975 321 1024 ‘Sic
337 975 380 1024 fies
397 988 481 1024 nostra
497 977 588 1042 dignus
604 977 714 1025 amicicia
724 977 739 1025 '.

214 1048 302 1095 Laetus
319 1048 438 1097 oboedivi
455 1048 536 1096 verbis
552 1049 659 1097 iocunda
674 1048 807 1107 monentis,

265 1118 399 1185 Obsequor
415 1132 439 1168 et
455 1120 549 1178 Florae,
567 1136 666 1187 spernar
682 1120 786 1169 amando
802 1119 866 1168 licet.

216 1191 263 1248 En,
281 1191 421 1257 Zephirine‚
438 1191 484 1240 tibi
500 1191 561 1240 serie
576 1204 648 1241 tenus
665 1192 748 1240 onmia
763 1190 846 1257 pandi,

266 1262 378 1324 Qualiter
394 1276 418 1312 et
435 1280 509 1328 quare
525 1263 576 1312 dux
591 1263 680 1312 habear
696 1263 827 1321 dominae;

217 1333 256 1380 Tu
271 1350 303 1381 ne
318 1346 403 1383 nostra
419 1336 480 1383 velis
497 1335 599 1384 archana
615 1335 739 1384 recludere
754 1333 857 1391 cunctis,

265 1405 382 1471 Falsaque
398 1424 429 1454 ne
444 1408 518 1466 veris,
535 1407 646 1466 obsecro,
664 1406 807 1464 miscueris;

218 1476 262 1523 Est
278 1477 369 1526 horum
385 1479 453 1527 testis
469 1491 543 1527 notus
560 1479 609 1527 iam
624 1479 731 1527 carmine
747 1476 861 1534 Pseustis,

267 1548 291 1596 Si
307 1551 480 1613 percuncteris,
496 1550 606 1615 proferet
621 1550 663 1598 ille
678 1549 755 1598 tibi».

469 1701 620 1747 EPISTULA
637 1702 683 1746 VII

451 1797 497 1841 AD
512 1796 696 1841 GUALONEM

218 1908 260 1955 Bis
276 1908 326 1955 iam
341 1907 400 1955 bina
415 1906 453 1955 bis
470 1907 576 1956 exieram
590 1906 766 1971 quinquennia,
781 1906 860 1955 lustro

267 1980 372 2043 insuper
387 1977 492 2037 adiect0‚
508 1994 566 2027 cum
581 1980 651 2045 rapui
667 1979 781 2036 calamos,

220 2049 363 2099 Fundebam
378 2065 445 2099 raros
461 2049 585 2099 hebenino
601 2050 693 2098 vertice
709 2066 791 2108 canos,

267 2123 444 2187 Intempestive
461 2137 524 2187 quos
540 2136 672 2187 properare
688 2135 793 2186 queror:

220 2193 325 2242 Nuntiat
340 2192 372 2241 ad
387 2205 486 2259 portam
501 2194 597 2242 tristem
611 2193 745 2241 consistere
761 2193 859 2241 Parcam

268 2264 367 2313 Albicat
382 2265 483 2313 humani
499 2277 527 2313 ut
542 2265 658 2313 caesaries
674 2264 768 2329 capitis.

220 2336 283 2384 Tota
298 2336 451 2401 pharetratos
467 2331 582 2385 adversus
600 2335 680 2384 Gallia
697 2335 790 2384 Turcos

269 2408 340 2455 Tunc
355 2424 401 2457 nec
417 2408 469 2456 sola
484 2409 542 2456 tulit
558 2407 625 2471 orbis
641 2418 666 2456 at
681 2423 747 2455 arma
763 2406 853 2466 simul,

221 2478 291 2527 Tunc
306 2479 440 2528 Ihebuseos
457 2480 545 2529 deiecit
562 2479 656 2528 Gallica
672 2494 756 2527 muros
934 2486 948 2522 f·
961 2498 991 2529 125

269 2551 392 2611 Machina,
409 2552 520 2600 contritis
536 2550 644 2599 turribus
660 2550 740 2609 aeriis,

184 2672 215 2710 258
225 2668 445 2711 (pervenio)....(philirum)
453 2680 485 2702 ras.
523 2667 555 2709 264
564 2668 655 2710 (am)icicia
666 2669 683 2701 in
694 2678 726 2701 ras.
751 2667 785 2701 VII
793 2666 834 2701 Tota
841 2666 908 2711 epistula
914 2669 937 2701 al.

148 2727 190 2749 man.
199 2728 229 2750 Μ’.
