2068 3216
825 145 877 191 413¹

356 215 491 251 urrnncuan
507 215 525 249 s.
542 214 682 249 asuuurcrr

165 345 235 410 Inpia
250 344 321 394 turba
337 344 412 404 dolet,
429 342 475 392 sibi
491 343 660 410 praeposuisse
676 343 812 409 perhorret,

213 417 287 466 Virus
304 433 361 465 vase
376 416 444 465 dedit
460 414 529 481 quod
544 431 616 463 cruce
632 414 743 482 deperiit.

165 487 206 537 Ad
221 488 274 537 loca
290 488 369 555 prisca
384 486 447 537 redit
463 504 514 553 quo
530 487 636 553 plurima
652 487 722 552 signa
737 487 850 552 patravit,

214 561 259 609 Per
273 560 327 609 loca
343 559 383 608 bis
401 571 507 608 statuens
524 576 580 607 sena
596 559 760 618 monasteria;

167 632 266 697 Singula
282 630 407 698 discipulis
423 630 477 680 loca
493 630 603 696 disponit
618 629 748 690 duodenis,
892 652 911 686 55

215 703 334 753 Erudiens
351 703 443 752 multos
459 718 572 769 spernere
588 702 652 751 fluxa
667 702 743 751 viros.

166 774 288 824 Tertullus
304 774 437 833 Placidum,
452 785 522 840 pater
537 774 637 822 Evicius
655 773 701 823 sibi
718 773 841 833 Maurum,

214 847 324 896 Tradunt
339 847 462 912 insignem
476 845 572 912 patricii
589 845 717 905 sobolem;
826 855 828 858 ’

166 918 256 977 Plures,
272 918 419 983 contemptis
436 917 548 983 flagranti
564 928 645 965 mente
661 917 767 977 caducis,

214 989 256 1039 Ad
271 1002 295 1039 te
310 989 466 1055 confugiunt,
483 1000 515 1047 te,
532 988 670 1048 Benedicte,
686 1001 781 1055 petunt.

166 1061 287 1110 Fratribus
299 1061 362 1110 hinc
369 1060 467 1128 reliquis
481 1060 541 1111 dum
552 1060 659 1128 psallunt
671 1062 696 1109 in
704 1076 776 1128 prece
784 1060 878 1127 pronis,

214 1132 333 1182 Lubricus
350 1151 363 1182 a
379 1133 452 1199 nigro
468 1132 618 1182 subtrahitur
634 1148 729 1198 puer03

168 1203 277 1255 Tandem
292 1221 350 1254 cum
366 1220 434 1253 sacro
450 1203 519 1253 videt
535 1204 583 1253 hoc
599 1204 700 1253 Maurus
710 1204 852 1264 Benedicto,

215 1276 275 1326 Non
290 1276 347 1325 tulit
362 1275 428 1325 hunc
443 1275 506 1324 ultra
522 1277 687 1324 commonitus
703 1275 789 1325 ferula.

167 1346 277 1413 Rupibus
293 1348 319 1396 in
334 1347 421 1397 mediis
437 1347 503 1408 cellis
519 1347 596 1397 tribus
612 1347 750 1407 aedificatis
892 1358 912 1402 65

215 1419 319 1485 Limpha
335 1418 403 1468 deest
418 1418 495 1479 fontis
511 1436 559 1485 qua
575 1419 686 1468 biberent
701 1419 790 1486 liquidi
799 1438 813 1479 ;›

168 1490 237 1542 Clam
251 1490 363 1558 precibus
379 1491 439 1540 fusis
455 1490 528 1557 largis
544 1506 616 1556 rupes
633 1491 687 1540 fluit
702 1491 783 1551 undis,

216 1564 318 1612 Emanat
333 1563 426 1612 vitreus
442 1562 508 1612 unde
523 1562 600 1612 modo
616 1563 716 1612 fluvius.

167 1635 205 1683 Fit
220 1634 288 1683 locus
305 1651 325 1694 a
335 1634 422 1683 Gotho
438 1644 505 1684 caesa
521 1649 595 1700 vepre
610 1635 757 1684 commodus
773 1634 856 1694 horto,

215 1707 297 1755 Horto
312 1706 444 1772 contiguus
460 1706 566 1755 cernitur
582 1723 633 1755 esse
649 1706 731 1767 lacus3
892 1729 914 1762 70

166 1777 295 1826 Dissiliens
312 1778 400 1844 capulo
415 1777 508 1828 ferrum
523 1777 588 1827 cadit
604 1794 674 1827 amne
689 1777 825 1845 profundo,

214 1848 296 1898 Anme
311 1849 375 1898 redit
389 1849 483 1899 ferrum
499 1861 586 1917 sponte
601 1861 686 1917 petens
702 1849 826 1918 capulum.

167 1921 255 1969 Haurit
270 1920 378 1970 vicinam
393 1921 504 1970 Placidus
521 1921 581 1972 dum
596 1921 694 1988 gurgite
709 1921 836 1987 limpham,

216 1991 311 2042 Mersus
328 1992 358 2041 ab
374 1992 491 2043 inmensis
507 1993 589 2058 inpete
604 1993 682 2042 fertur
696 1994 775 2059 aquis,

167 2063 208 2112 Ad
223 2064 297 2130 patris
314 2081 402 2114 vocem
417 2065 494 2114 currit
510 2064 611 2113 Maurus
628 2080 701 2132 super
715 2081 821 2124 amnem,
874 2090 876 2092 ’
892 2088 912 2121 75

216 2135 353 2202 Obstupuit
368 2136 468 2196 factum,
485 2136 583 2185 sustulit
599 2148 626 2184 ut
641 2152 754 2203 puerum.

167 2206 287 2256 Presbiter
302 2208 399 2267 insanit,
416 2207 576 2257 Benedictum
591 2208 692 2275 perdere
708 2208 782 2274 gestit

216 2279 320 2329 Occulta
334 2280 405 2347 panis
421 2292 488 2345 peste
504 2278 656 2339 veneniferi;

167 2349 285 2401 Abstulit>
294 2351 360 2401 hunc
375 2368 464 2401 corvus
481 2352 557 2400 sancti
572 2363 700 2417 praecepta
716 2363 821 2411 secutus,

216 2423 315 2473 Pascere
329 2424 369 2472 vir
384 2425 461 2473 iustus
477 2440 552 2488 quem
566 2422 645 2471 fuerat
661 2423 755 2472 solitus.
892 2439 914 2469 ao

169 2493 259 2546 Zelum
274 2496 334 2546 dum
342 2496 411 2555 vitat,-
427 2507 495 2561 pater
510 2494 569 2543 haec
584 2495 721 2543 habitacula
737 2506 822 2554 mutat,

218 2567 324 2626 Gaudes,
341 2567 456 2626 Florenti,
472 2567 571 2615 caedere
587 2583 642 2615 rura
658 2566 712 2626 tibi,

132 2694 150 2727 51
163 2684 264 2727 perhorret:
276 2684 288 2719 h
299 2691 378 2728 srprascr.
426 2684 447 2718 66
458 2690 491 2718 tuta
500 2684 542 2718 linea
549 2687 566 2718 in
576 2696 608 2719 ras.
619 2691 634 2719 et
643 2684 665 2719 al.
676 2696 716 2719 aran.
756 2684 804 2719 deest
813 2686 842 2719 aix
852 2683 882 2727 legi

93 2737 151 2775 potest.
199 2732 406 2776 69h0rtozhstq>rasm
820 2732 822 2735 ’
