2068 3216
326 229 360 263 nn
375 227 584 263 Mamounurnruns
600 214 643 262 HL
662 230 675 260 2

144 358 227 421 Quem
242 367 293 405 tarn
308 367 462 405 constantem
477 357 578 405 miratus
595 354 813 416 barbarus‘hostis,

192 428 302 488 Mandat,
320 444 381 493 quae
391 428 544 493 pacissunt,
561 445 588 476 ea
604 427 668 477 velle
684 427 769 495 sequi,

143 500 228 566 Largis
245 498 387 549 muneribus
403 500 482 548 iunxit
497 498 596 566 plebem
611 498 658 548 sibi
674 498 808 558 Gracchus,

192 573 294 622 Vertere
310 583 411 620 conatus
427 571 488 630 iura,
505 581 593 619 statuta
608 582 714 637 patrum,

145 643 244 710 Semper
260 643 350 692 reiecto
367 642 467 708 disponi
482 653 569 691 cuncta
585 653 670 691 senatu

194 715 299 764 Censens
316 726 340 763 et
355 714 444 781 populi
459 714 523 763 velle
539 713 624 763 decere
640 714 725 781 sequi:

144 787 225 836 Patres
242 786 374 852 conscripti
389 786 471 851 phano
488 785 557 834 Fidei
573 785 710 851 glomerati,

194 858 341 907 Consultant
357 872 430 923 super
445 857 494 906 hoc
510 857 571 922 quid
585 856 665 907 valeat
680 856 750 916 fieri;

139 929 259 979 Consulis
276 929 383 978 offitium
398 940 496 977 motum
511 929 594 988 sedare
609 929 744 978 tumultum

194 1001 268 1051 Curia
283 1000 427 1060 conclamat,
445 1000 546 1049 Scevola
562 1002 649 1050 consul
665 1012 728 1050 erat:
860 1022 893 1046 120

145 1073 259 1139 Denegat
274 1072 315 1121 hic
329 1073 426 1138 popuio
441 1072 495 1134 vim
509 1071 632 1121 facturum
648 1072 694 1121 sibi
710 1084 789 1138 grato,
851 1085 854 1093 ²

188 1144 308 1194 -Declinat
324 1144 416 1193 Grachi
432 1144 493 1193 dum
507 1143 629 1210 trepidans
646 1144 749 1203 odium3

146 1215 289 1281 Indignatus
305 1216 339 1264 ait
355 1216 451 1275 Nasica,
469 1226 579 1280 «patres,
597 1233 644 1282 ego
660 1215 733 1265 vobis

195 1287 248 1336 Etsi
263 1287 373 1354 privatus
390 1286 491 1336 confero
507 1287 671 1352 praesidium:

146 1359 206 1407 Esse
222 1375 291 1408 meos
307 1358 386 1407 fateor
401 1370 481 1424 patres
496 1371 592 1407 vestros
608 1359 729 1419 inimicos,

195 1429 245 1489 Me,
262 1447 316 1479 mea
332 1430 459 1479 communi
475 1429 554 1479 debeo
570 1442 657 1479 cuncta
672 1431 715 1490 rei,

146 1502 216 1549 Dum
230 1502 290 1550 iuris
307 1502 417 1569 sequitur
433 1502 552 1551 sancitum
569 1502 669 1551 Scevola
685 1501 780 1562 consui,
843 1536 844 1539 =

191 1572 235 1621 'Ius
252 1590 313 1622 cum.
325 1575 439 1622 Romano
455 1573 529 1622 deicit
544 1574 650 1638 imperio
658 1592 690 1633 »3

146 1643 217 1692 Dixit
233 1656 256 1693 et
273 1656 394 1693 extentam
410 1644 517 1694 sustollit
532 1645 558 1692 in
573 1661 627 1694 aera
643 1644 759 1705 dextram,

196 1717 345 1765 «Romanus
362 1716 455 1775 civis»,
469 1716 530 1775 infit,
548 1715 656 1765 «adesto
672 1716 774 1765 mihil»
861 1739 894 1773 130

147 1788 213 1836 Hinc
220 1787 359 1836 Gracchum
365 1788 448 1855 gladio
455 1789 699 1836 caesumtransmittit
705 1787 736 1837 ad
742 1789 862 1849 Horcum,

196 1860 355 1926 Consumptis
372 1860 423 1909 eius
440 1860 485 1908 hac
500 1876 558 1908 nece
574 1859 744 1925 complicibus.

147 1930 254 1985 Nervius
270 1931 363 1979 inmitis
380 1931 441 1980 dum
457 1932 563 1980 Caesaris
579 1946 645 1980 arma
660 1931 762 1992 lacessit,

195 2001 236 2050 Ad
252 2017 363 2068 pugnam
378 2003 446 2052 venit
461 2002 555 2052 viribus
571 2002 710 2062 inmodicis,

147 2072 291 2138 Pugnabant
306 2075 369 2123 acies
378 2074 429 2123 ¹sed
445 2074 552 2124 Nervius
568 2074 647 2122 acrior
662 2085 742 2140 urget,
797 2122 798 2125 ,
852 2091 894 2130 ἠς

196 2145 273 2193 Paene
288 2144 362 2211 fugae
377 2146 466 2212 pronis
480 2146 600 2196 Caesareis
616 2146 721 2210 aquiiis3

149 2216 242 2275 Caesar,
259 2215 352 2266 sublata
368 2217 457 2266 timido
474 2216 507 2266 de
520 2216 598 2265 milite
613 2232 704 2283 parma,
840 2267 841 2271 ,

196 2287 242 2335 Per
257 2286 352 2337 medios
369 2288 451 2340 hostes
467 2288 559 2337 frendit
574 2299 602 2336 ut
618 2288 696 2337 hirtus
713 2304 779 2355 aper,
808 2342 809 2345 Ἴ

149 2358 231 2420 Quem
246 2359 313 2424 prius
330 2360 457 2409 imfractae
470 2360 618 2408 comitantur
634 2359 708 2415 corde
724 2372 854 2420 catervae,

197 2428 275 2478 Cessit
290 2432 413 2497 propositi
429 2432 536 2480 Nervius
552 2430 675 2480 indomiti.
797 2474 799 2481 ,
864 2453 898 2487 140

149 2499 285 2566 Obpugnat
301 2514 385 2567 gentes
401 2502 537 2563 aliasdum
553 2503 639 2551 Caesar
655 2514 757 2562 atroces,
842 2551 856 2559 „

198 2571 438 2637 Signiferofoedam
452 2574 505 2623 iarn·
517 2573 626 2640 capiente
642 2573 735 2640 fugam,
793 2621 794 2626 ,

113 2691 368 2736 113Gracchus:hsuprascr.
419 2703 450 2736 1²7
462 2693 563 2727 sanccitum.
613 2697 644 2728 128
657 2692 789 2738 (dei).(eit)ras.
856 2708 858 2711 >

79 2738 205 2784 151horcum:
217 2739 319 2783 hnuprascr.
370 2743 400 2784 138
412 2739 469 2779 hirtus
479 2740 568 2775 :hircus
