2068 3216
835 135 885 209 209

260 232 296 266 uu
310 232 518 266 Mnuouamuuus
534 217 601 266 Vlla.
615 233 640 264 11
659 245 669 252 -
685 217 761 266 VIII,
772 233 800 264 12

172 360 245 409 Unde
260 359 331 428 loqui
347 359 463 426 prohibet
479 376 521 409 rex
536 359 581 408 hac
597 359 628 409 de
643 375 669 408 re
685 359 836 418 Ptolomeus,

223 433 282 481 Esse
299 431 407 480 suadelas
424 431 465 481 has
482 443 597 499 reputans
612 431 699 480 fatuas.

192 574 236 618 DE
251 571 535 618 PRONUNHACIONE
550 573 592 616 ET
606 572 700 616 MOTU
711 572 864 616 CORPORIS

513 700 539 732 12

176 793 243 841 Haec
259 790 310 840 duo
327 790 446 840 sermonis
463 801 519 838 sunt
535 802 677 839 ornamenta
692 791 799 850 venusti,

226 863 295 926 Quae
311 862 391 911 bonus
407 872 491 910 orator
506 863 587 910 omnis
603 861 692 911 habere
709 862 798 922 studet,

175 935 265 983 Dicere
281 934 409 993 concinne,
425 948 563 1000 corpusque
579 949 680 983 movere
696 933 816 994 decenter,

32 1013 94 1051 ᾗκεν
225 1007 291 1055 Haec
306 1004 445 1071 adipiscaris
462 1005 483 1053 si
498 1004 557 1064 duo,
574 1003 657 1054 rethor
673 1006 737 1064 eris3
805 1054 807 1056 .

176 1077 239 1126 Mox
253 1075 331 1126 tribus
347 1076 427 1143 ampla
442 1075 522 1125 modis
539 1076 636 1125 dabitur
650 1077 755 1126 victoria
770 1075 860 1137 verbiS,
872 1078 886 1090 ”
914 1096 921 1130 5

224 1148 401 1197 Permuicendo
416 1147 511 1207 oculos,
526 1147 651 1197 illiciendo
666 1149 770 1208 animos,

176 1220 254 1269 Aures
270 1231 372 1269 attentas
388 1218 530 1268 auditorum
544 1218 673 1269 faciendo:

225 1290 336 1340 Grachus
352 1291 378 1339 in
394 1290 533 1357 exemplum
548 1290 619 1340 detur
634 1290 675 1339 hic
690 1292 874 1358 aequimodurn,

177 1363 235 1425 Qui,
251 1362 356 1411 verbum
369 1361 466 1428 populo
480 1361 587 1411 facturus
603 1362 796 1428 conglomerato‚

224 1434 348 1500 Praecepit
363 1449 462 1482 servum
478 1449 572 1499 semper
588 1434 671 1483 adesse
687 1433 751 1494 sibi;
901 1454 923 1478 10

175 1507 207 1566 Is,
225 1505 397 1572 simphoniacis
414 1505 522 1554 modulis
537 1505 669 1554 instructus
685 1505 807 1566 habunde,

223 1576 382 1636 Informabat,
399 1576 452 1625 heri
467 1591 533 1642 pone
548 1577 655 1637 latendo,
672 1576 770 1637 modos,

175 1649 263 1697 Acrius
279 1649 387 1697 intensos
404 1647 552 1707 revocando,
568 1648 668 1697 citando
683 1649 807 1709 remissos,

223 1719 265 1769 Ad
279 1719 339 1769 tales
354 1736 413 1768 usus
429 1718 509 1768 fistula
525 1719 616 1768 eburna
631 1719 693 1769 fuit:

175 1792 283 1858 Impetus
299 1802 372 1857 atque
387 1791 458 1840 color
473 1791 571 1840 dicendi
586 1808 638 1840 non
654 1791 712 1839 sinit
727 1791 810 1857 ipsum
901 1811 921 1845 15

224 1864 296 1921 Iusta,
314 1863 357 1928 qui
372 1862 490 1930 loquitur,
508 1880 532 1911 se
548 1863 674 1911 moderare
690 1863 752 1912 vice.

177 1934 293 2002 Corporis
310 1934 336 1982 in
351 1946 423 1982 motu
439 1934 548 1983 studium
562 1934 608 1983 tibi
623 1935 701 1982 maius
718 1934 832 1994 honesto,

224 2006 350 2065 Hortensi,
366 2005 450 2071 lingua
466 2021 541 2071 quam
554 2005 603 2054 fuit
618 2006 644 2053 in
659 2005 753 2065 nitida3

177 2078 242 2126 Hinc
258 2076 414 2126 dubitabatur
422 2077 500 2142 magis
516 2094 548 2125 an
561 2088 585 2125 te
600 2077 684 2126 audire
699 2078 795 2126 veniret

225 2148 298 2197 Ante
314 2163 412 2197 cernere
426 2148 504 2214 plebs,
521 2148 582 2197 dum
597 2148 644 2197 sibi
659 2148 734 2198 verba
751 2149 827 2198 dares
901 2171 924 2194 20

176 2220 281 2268 Accusat
297 2219 398 2268 Gallum
414 2219 474 2269 dum
490 2220 606 2276 Callidius
624 2221 774 2280 sceleratum,

225 2292 272 2340 Pro
289 2290 493 2357 condempnando
510 2291 606 2340 Tullius
622 2291 737 2350 obicitur,

177 2362 314 2427 Exprobrat
329 2361 428 2421 infesto,
446 2363 515 2412 «tibi
532 2363 563 2411 sit
579 2379 655 2428 genus
672 2363 737 2412 unde
754 2363 864 2412 solutum

224 2433 309 2483 Dicito
326 2433 431 2493 dicendi,
447 2434 562 2500 languida
577 2451 628 2482 vox
644 2434 725 2493 etiam,

176 2505 266 2555 Vultus
283 2505 410 2564 demissus,
426 2506 474 2554 nisi
490 2522 551 2572 quae
566 2505 662 2577 profers
679 2506 736 2575 quia
752 2504 825 2572 fingis
841 2505 876 2554 ?»
902 2527 924 2561 25

225 2578 291 2626 Haec
307 2578 411 2625 oratoris
427 2577 532 2643 denique
549 2588 604 2625 sunt
620 2578 688 2626 vitia.

141 2742 151 2776 ⁶
163 2742 259 2787 (0)·(ωῐοε)
271 2754 303 2777 ras.
