2068 3216
868 125 913 185 265

473 210 593 244 aarsrum
617 195 648 244 Π,

207 341 322 389 Strenuus
338 340 396 388 hinc
411 340 483 387 armis
500 350 523 387 et
539 353 642 405 corpore
657 338 760 405 pulcher
769 338 879 398 Amicus,
921 360 953 392 255

255 411 398 479 Suppeditat
413 411 477 459 vires
494 411 575 475 regius
592 410 650 459 huic
666 410 769 476 gladius,

147 528 159 534 ..
206 484 323 533 Verberat
339 482 443 547 obliquo
460 493 547 530 testem
562 498 680 530 mucrone
696 481 821 540 dolosum,

253 555 336 620 Atque
353 554 483 602 humerum
498 554 582 603 levum
598 553 672 602 deicit
688 565 712 601 et
727 553 835 619 clipeum

206 627 318 691 Cumque
329 625 433 674 humero
445 624 552 673 mediam
563 636 687 679 costarum
698 625 800 674 vulnere
812 638 902 674 cratem

254 700 309 748 Una
324 713 383 746 cum
397 697 483 745 iecoris
499 710 567 763 parte
583 697 664 745 minus
681 697 774 746 media:
921 706 955 740 260

206 769 304 820 Corruit
319 769 405 817 infelix
420 768 545 817 Ardradus
563 780 586 816 et
602 784 645 817 ore
661 769 750 833 supino

254 841 374 906 Exspirat,
390 841 446 888 tetri
463 852 547 906 stagna
563 853 647 907 petens
665 840 764 890 Herebi.

204 914 315 978 Increpat
331 912 467 963 exanimem
482 911 553 960 dictis
570 911 607 960 his
623 912 704 960 victor
720 913 815 972 amaris,

254 984 392 1051 «Inprobe,
409 982 529 1032 mendacii
545 984 651 1050 praemia
667 983 739 1032 solvo
756 984 818 1033 tibi:

205 1056 280 1105 Dilue
295 1072 361 1104 nunc
376 1056 452 1104 caecis
468 1055 494 1102 in
510 1055 649 1120 gurgitibus
665 1055 819 1121 Flegetontis
921 1061 956 1108 2135i

254 1127 360 1177 Crimina
376 1127 477 1192 periurii
492 1126 572 1175 iudice
588 1126 634 1175 sub
652 1127 747 1192 Stigi03

204 1200 301 1265 Integra
316 1199 444 1263 virginitas
461 1198 575 1263 equidem
590 1215 634 1265 per
650 1215 689 1247 me
706 1199 822 1249 Beliardis

252 1273 379 1320 Permanet
395 1282 419 1318 et
435 1270 513 1336 turpis
529 1269 637 1337 falsaque
653 1269 717 1319 fama
732 1272 797 1337 perit
806 1290 828 1320 a.

205 1344 275 1391 Berta
288 1342 344 1390 licet
359 1353 465 1390 mestum
477 1342 626 1408 praetendat,
641 1357 683 1390 rex
697 1359 804 1408 quoque,
819 1344 918 1392 vultum

252 1414 358 1463 Ardradi
374 1413 430 1462 feda
445 1429 491 1480 pro
508 1430 566 1462 nece
582 1414 690 1480 zelotipi,
920 1436 954 1467 270

205 1486 282 1535 Natae
298 1485 377 1534 deleta
393 1484 531 1550 gaudebant
547 1485 624 1550 opido
640 1484 712 1535 fama:

252 1558 349 1606 Fecerat
365 1556 483 1605 infamem
498 1573 555 1604 nam
571 1557 610 1604 vir
625 1557 723 1622 iniquus
741 1574 801 1617 eam,

206 1630 287 1692 Quam
303 1628 359 1677 dare
375 1629 464 1677 victori
481 1628 604 1695 spondent
618 1640 687 1695 pater
703 1642 776 1694 atque
792 1631 905 1695 genitrix,

251 1703 307 1767 Ipsa
322 1700 404 1767 puella
419 1700 481 1767 petit
496 1700 617 1766 promtius
634 1700 659 1748 id
674 1699 744 1759 fieri;

205 1772 313 1821 Credunt
328 1772 429 1820 Amelio
446 1787 520 1837 quam
535 1771 629 1820 tradere
646 1788 670 1820 se
687 1789 816 1837 generoso,
920 1793 953 1825 275

253 1842 326 1892 Urbis
343 1843 384 1891 hic
399 1843 524 1891 Arvernae
540 1843 641 1891 consule
657 1855 727 1891 natus
744 1856 802 1903 erat,

204 1915 313 1964 Nomine
329 1914 375 1963 sub
391 1915 460 1962 cuius
477 1915 558 1962 victor
574 1931 648 1980 quam
664 1915 733 1963 dotat
748 1916 859 1975 Amicus,

253 1986 338 2034 Tradit
354 1986 377 2034 ei
392 1986 478 2034 dotem
493 2002 535 2034 rex
551 2002 650 2051 quoque
666 1988 835 2053 multiplicem.

205 2059 272 2123 Ergo
288 2074 346 2106 cum
361 2058 441 2106 multo
458 2058 546 2122 repetit
562 2059 654 2106 sotium
669 2059 795 2117 comitatu,

253 2129 365 2195 Coniuge
381 2129 479 2180 ditatus,
488 2142 512 2177 et
527 2130 601 2177 variis
618 2129 723 2194 opibus;
920 2145 953 2175 280

203 2199 344 2266 Ingreditur
357 2201 488 2266 proprium
503 2217 561 2248 cum
575 2217 659 2268 ponpa
675 2201 752 2250 divite
769 2215 882 2262 castrum,

252 2271 389 2321 Advenisse
406 2273 490 2337 strepit
505 2273 633 2321 Amelium
647 2274 763 2338 populus,

205 2344 319 2392 Occurrit
334 2343 385 2392 fido
403 2344 446 2408 qui
461 2343 620 2393 laetabundus
637 2345 727 2393 Amico
745 2363 750 2393 ε

253 2415 344 2463 Oscula
360 2414 467 2464 delibant
483 2416 569 2480 irrigui
585 2416 697 2464 lacrimis.

205 2485 313 2534 Exitium
329 2487 395 2534 testis
413 2504 455 2535 seu
471 2487 615 2552 coniugium
632 2488 747 2536 Beliardis
920 2503 956 2542 2837

168 2640 199 2672 255
212 2629 252 2662 hinc
259 2640 264 2663 t
272 2636 289 2662 et
298 2629 335 2669 Ca,
342 2629 375 2663 Ha.
384 2638 410 2663 est
416 2631 453 2662 coni.
460 2629 494 2663 Ha.
540 2633 570 2672 258
580 2630 637 2673 dejicit
646 2630 683 2672 Cra,
690 2630 748 2664 delicit
754 2631 787 2665 Ha.
821 2632 851 2675 263
860 2632 918 2666 exani-

133 2687 182 2758 {naum
191 2676 269 2757 anflin.
295 2676 537 2720 ¹269pretendatCn.,l[n.
587 2677 763 2720 270feda=foeda
813 2679 918 2723 271gaude-

156 2732 210 2758 tama
240 2735 255 2758 a.
