2068 3216
221 165 270 211 314

479 237 596 271 nussum
622 224 669 271 VII

219 365 253 414 At
269 365 350 431 gravis
367 365 434 414 hasta
449 366 535 415 volans
551 367 657 432 spatium
671 366 790 432 percurrit
806 367 883 426 inane,
928 376 940 412 f.
952 387 998 422 mv

268 436 361 485 Obviat
376 447 400 486 et
416 437 485 486 Licio
501 437 602 486 stridula
618 437 771 496 Tersichoro,

219 509 339 557 Exortans
356 508 433 557 sotios
449 508 534 575 patulo
550 508 593 574 qui
608 509 692 575 figitur
707 525 749 558 ore
759 527 773 558 :¹

267 580 331 629 Cum
346 580 452 631 clamore
467 579 532 647 fugit
547 581 646 649 spiritus
662 581 687 629 in
703 580 823 649 zephiros.

219 652 285 700 Hinc
300 651 411 701 Licidam
426 651 513 701 deiecit
529 669 594 718 equo
610 664 733 718 terraeque
749 653 864 719 supinum

268 723 374 791 Cuspide
390 722 480 783 defixit,
496 723 601 791 percutit
617 735 641 773 et
657 723 811 791 Triphilum:

218 796 266 844 iste
282 795 356 861 pedes
372 811 456 846 arcum
471 806 566 862 gestans
583 795 723 862 Liciamque
738 795 876 861 pharetram

268 866 400 933 Spargebat
416 865 495 916 fatum
509 882 553 934 per
568 884 659 917 cuneos
676 867 792 917 subitum.

218 939 279 988 Non
293 938 338 987 illo
354 938 488 988 Rhodanus
504 939 601 988 virtutis
618 938 677 988 dote
692 938 794 1006 superba

266 1009 379 1070 Inferior,
396 1026 509 1076 campum
525 1022 604 1077 strage
620 1010 696 1077 replet
711 1011 832 1070 Danaum,

219 1082 321 1148 Rumpit
336 1082 464 1131 thoracam*
475 1093 589 1148 protensa
605 1082 704 1148 cuspide
720 1082 789 1131 cuius

267 1153 366 1202 Troilus
381 1153 488 1203 admisso
504 1154 635 1220 cornipede
651 1166 675 1202 et
690 1153 812 1221 clipeum;
863 1181 866 1192 ›

218 1225 253 1274 At
268 1225 410 1284 Rhodanus,
427 1242 504 1276 mersa
520 1237 610 1275 secreta
624 1241 668 1291 per
683 1225 791 1291 inguinis
807 1226 881 1285 hasta,

268 1297 331 1347 Cum
347 1312 439 1347 sessore
455 1314 500 1346 suo
516 1295 569 1346 fixit
584 1314 675 1364 equum
691 1296 767 1346 Tirio.
803 1317 804 1322 ¹

218 1368 357 1418 Prochorus
373 1381 486 1435 exempto
501 1366 639 1418 ferir'hunc
653 1368 679 1417 in
694 1369 785 1418 vertice
800 1368 874 1428 ferro,

267 1440 383 1507 Reppulit
398 1452 422 1489 at
438 1440 519 1507 galeae
535 1440 638 1490 duricies
654 1440 764 1499 calibem,

218 1512 316 1561 Dissilit
332 1513 430 1579 exiguas
445 1513 472 1560 in
486 1524 566 1579 partes
582 1528 667 1561 mucro
683 1512 786 1571 solutus,

266 1585 372 1634 Dextera
388 1584 430 1633 sed
446 1584 528 1633 solum
543 1583 648 1633 detinuit
663 1584 794 1649 capulum;

219 1658 279 1706 Non
295 1655 409 1705 Rhodani
424 1655 513 1705 frustra
529 1668 592 1704 secat
607 1671 661 1704 aera
676 1655 723 1704 lata
739 1654 857 1715 machera,

267 1728 353 1777 Hostis
369 1744 427 1778 narn
441 1728 551 1777 medium
566 1717 681 1776 dissecuit
696 1726 829 1787 cerebrum,

219 1801 251 1848 Et
267 1799 383 1849 dirimens
400 1799 514 1848 humeros
530 1799 617 1848 iecoris
627 1798 735 1847 'recludit
751 1813 833 1865 opaca,

267 1873 360 1937 Perque
375 1883 473 1920 cruenta
489 1870 536 1919 sibi
551 1870 643 1919 viscera
658 1869 716 1919 fecit
730 1871 793 1920 iter:

219 1944 271 1992 Hac
286 1959 342 2009 pars
357 1944 411 1992 leva
426 1942 499 2001 cadit,
514 1942 570 1990 illac
585 1958 639 2007 pars
656 1941 752 1990 dextera
767 1942 856 2007 vergit,

266 2014 382 2063 Fraxinus
398 2025 426 2062 ut
442 2014 509 2063 duris
525 2012 580 2062 fissa
596 2029 667 2062 ruens
683 2013 783 2071 cuneis;
817 2019 819 2022 “

218 2087 369 2136 Prostratum
383 2085 464 2135 verbis
480 2085 566 2134 affatur
580 2085 661 2133 victor
676 2085 784 2133 acerbis:

267 2159 365 2207 «Nunc
380 2156 423 2206 ubi
439 2157 541 2216 Pelides,
557 2172 612 2205 acer
626 2155 729 2216 Achive,
745 2166 810 2214 tuus,

218 2229 353 2295 Aiacesque
369 2229 428 2288 duo,
445 2227 547 2287 Titides,
564 2227 652 2286 Pirrus,
669 2228 760 2286 Ulixes,

268 2302 328 2350 Sunt
344 2300 387 2349 ubi
404 2318 466 2367 quos
482 2299 558 2349 fortes
573 2298 638 2347 fama
652 2298 727 2348 fuisse
743 2298 824 2357 refert,

219 2374 338 2440 Expertus
353 2373 446 2440 poteris
463 2386 583 2439 exponere
598 2370 703 2419 fortibus
718 2370 775 2429 illis,

268 2444 339 2507 Quos
354 2444 418 2511 petis
434 2444 460 2492 in
475 2455 539 2493 tetro
555 2442 706 2509 compositos
723 2441 830 2501 Herebo,

218 2516 318 2565 Viribus
335 2527 453 2565 extremae
469 2516 512 2563 vix
526 2530 598 2581 posse
614 2514 723 2563 resistere
738 2513 817 2579 gentis

267 2589 366 2636 Horum
381 2587 526 2652 degenerem
542 2587 616 2650 stirpe
633 2597 708 2633 satam
724 2585 836 2634 sobolem
844 2603 866 2633 a.

181 2764 214 2797 499
226 2753 267 2787 haec
278 2752 328 2796 Jenat
