2068 3216
862 125 889 169 25
898 125 907 169 5

484 194 601 227 nmsruun
617 180 629 227 I

201 322 334 370 Carneades
350 334 374 370 et
389 322 554 382 Democritus,
572 322 631 371 Solo
646 339 722 371 necne
739 323 856 382 cleantes,
914 343 945 376 115

248 394 364 442 Isocrates
381 393 475 453 doctus,
492 393 651 460 Milesiusque
667 394 745 454 Tales,
797 426 798 429 =

202 464 346 525 Simonides,
362 476 386 514 et
402 465 535 532 Crisippus,
550 465 681 531 liricusque
698 465 835 534 Sopholes,

249 535 354 603 Magnus
371 536 485 602 Gorgias,
502 537 627 597 Pindarus,
643 549 715 603 atque
732 538 794 598 Bias,

201 608 320 668 Eschilus‚
337 608 473 674 Euripides,
490 620 514 657 et
528 609 693 675 Anaxagoras,
710 621 734 658 et
750 610 882 669 Homerus,

250 682 281 728 Et
296 681 377 747 plures
393 680 435 728 alii
452 697 513 745 quos
530 681 644 747 replicare
659 681 736 747 piget,
787 719 789 723 Α
914 703 947 725 120

202 751 345 801 Muneribus
361 752 434 817 largis
451 763 489 800 tot
503 768 595 818 agones
612 765 668 801 sunt
683 753 783 801 animati

249 824 327 883 Ferre,
344 834 382 872 tot
398 834 422 871 et
437 834 521 871 noctes
538 823 626 873 ducere
640 824 780 890 pervigiles.

201 895 236 943 At
251 912 297 944 nos
314 911 375 960 quae
391 895 453 943 ratio
470 907 577 943 mentem
593 895 735 945 submittere
750 907 818 945 tanto

250 967 324 1033 Cogit
340 966 424 1015 sudori
440 983 485 1014 nec
499 967 601 1033 pociora
617 968 685 1033 sequi
702 967 714 1015 ?

202 1039 375 1104 Perstrepimus
392 1054 476 1086 raucae
491 1039 585 1103 passimv
598 1038 629 1087 de
644 1055 713 1087 more
730 1039 832 1099 cicadae,

251 1110 320 1173 Quae
336 1110 467 1175 inportuna
483 1110 555 1169 canit,
572 1110 609 1158 sol
626 1110 668 1158 ubi
684 1111 747 1159 celsa
763 1122 837 1170 tenet,

202 1181 265 1230 Aera
281 1181 342 1230 dum
356 1181 457 1246 trepidis
472 1181 575 1246 implens
592 1194 667 1230 estate
682 1183 786 1247 querelis

251 1253 354 1301 Garrula
368 1252 485 1301 formicae
500 1265 627 1319 praecavet
642 1253 761 1303 insidias.⁴

203 1324 323 1391 Tempore
339 1325 382 1373 uix
396 1324 503 1389 aliquem
518 1336 604 1373 nostro
621 1326 740 1374 concessit
755 1326 877 1374 honorem

249 1395 385 1462 Disciplina
400 1396 456 1444 viro
472 1395 606 1461 quamlibet
622 1397 740 1456 emerito;

203 1468 279 1533 Copia
294 1484 360 1516 nunc
375 1467 447 1516 nitidi
463 1466 503 1516 dat
520 1467 603 1516 sellam
618 1468 695 1516 multa
710 1469 810 1528 metalli,

250 1538 381 1598 Nobilitas,
397 1555 486 1598 mores,
501 1539 589 1598 littera,
605 1540 641 1589 nil
656 1539 774 1589 tribuunt.

203 1611 270 1676 Ergo
285 1609 393 1676 fatigaris
409 1609 497 1659 frustra
514 1611 624 1676 quisquis
641 1611 717 1660 modo
734 1611 826 1671 scribis,

250 1683 320 1730 Dum
335 1682 370 1730 nil
385 1682 484 1730 lucraris
501 1682 543 1731 sed
559 1683 636 1748 magis
652 1682 760 1732 afficeris.

203 1754 265 1802 Ocia
280 1754 373 1813 sectari,
389 1769 478 1820 corpus
494 1753 604 1802 conferre
621 1755 705 1819 quieti,

250 1825 341 1874 Vivere
356 1825 480 1884 discincte,
495 1823 598 1874 forsitan
614 1837 650 1874 est
665 1826 760 1885 melius,

202 1897 332 1962 indulgere
348 1896 408 1945 cibis
424 1908 448 1945 et
463 1896 556 1945 lusibus
572 1909 644 1962 atque
661 1898 753 1962 sopori,

251 1968 355 2017 Condita
370 1968 484 2017 fictilibus
499 1968 557 2016 vina
571 1968 675 2036 probare
690 1969 763 2018 cadis.

203 2039 321 2089 Censebat
337 2055 436 2106 spurcus
452 2039 588 2088 vivendum
603 2041 637 2088 sic
653 2040 772 2107 Epicurus

251 2112 311 2159 Esse
326 2110 418 2159 docens
435 2127 559 2159 summum
574 2111 654 2160 dulcia
671 2128 780 2177 quaeque
796 2112 898 2171 bonum,
913 2135 947 2167 140

204 2183 303 2247 Quique
318 2183 471 2249 voluptatem
485 2198 637 2250 praeponens
652 2184 760 2242 utilitati,

252 2253 350 2303 Seduxit
366 2253 460 2302 blandis
476 2254 593 2303 asseculas
609 2255 717 2304 monitis.

203 2325 263 2374 Non
278 2325 402 2390 sequimur
418 2336 507 2374 sectam
523 2325 565 2374 sed
580 2343 626 2374 nos
642 2327 704 2374 hanc
719 2327 888 2393 perniciosam,

251 2396 340 2445 Mundi
356 2397 399 2462 qui
414 2396 523 2462 fugimus
538 2397 609 2445 illicis
625 2397 756 2456 illecebras

202 2468 329 2533 Angustus
345 2469 412 2516 callis
429 2484 491 2533 quos
507 2468 575 2517 ducit
591 2469 621 2517 ad
637 2470 696 2517 atria
711 2470 771 2517 caeli
916 2494 948 2527 145

252 2540 352 2604 Quique
368 2539 463 2587 bonum
479 2557 602 2588 summum
617 2541 733 2589 novimus
750 2558 801 2589 esse
818 2541 899 2590 deum.

168 2668 199 2700 117
211 2657 296 2701 Sopholes
312 2658 440 2701 :Sophocles
502 2670 532 2702 1²3
544 2659 613 2693 arriani
626 2659 656 2694 Cn.
694 2663 784 2702 127-8om.
797 2660 827 2694 Cn.

133 2716 165 2749 130
176 2704 262 2749 quaelibet
271 2705 301 2740 Cn.
314 2706 381 2748 (v)it(o)
392 2708 408 2739 in
419 2717 451 2740 ras.
