<?xml version="1.0" encoding="UTF-8"?>
<!DOCTYPE html PUBLIC "-//W3C//DTD XHTML 1.0 Transitional//EN"
    "http://www.w3.org/TR/xhtml1/DTD/xhtml1-transitional.dtd">
<html xmlns="http://www.w3.org/1999/xhtml" xml:lang="en" lang="en">
 <head>
  <title>
</title>
<meta http-equiv="Content-Type" content="text/html;charset=utf-8" />
  <meta name='ocr-system' content='tesseract 3.04.00' />
  <meta name='ocr-capabilities' content='ocr_page ocr_carea ocr_par ocr_line ocrx_word'/>
</head>
<body>
  <div class='ocr_page' id='page_1' title='image "MN40034ucmf_3_0229.png"; bbox 0 0 2068 3216; ppageno 0'>
   <div class='ocr_carea' id='block_1_1' title="bbox 209 116 794 235">
    <p class='ocr_par' dir='ltr' id='par_1_1' title="bbox 209 116 794 235">
     <span class='ocr_line' id='line_1_1' title="bbox 209 116 794 235; baseline -0.002 -13"><span class='ocrx_word' id='word_1_1' title='bbox 209 116 258 162; x_wconf 84' lang='lat'><strong>152</strong></span> <span class='ocrx_word' id='word_1_2' title='bbox 328 188 363 222; x_wconf 77' lang='lat' dir='ltr'><strong>nu</strong></span> <span class='ocrx_word' id='word_1_3' title='bbox 378 188 586 223; x_wconf 74' lang='lat' dir='ltr'><strong>uruonrmumus</strong></span> <span class='ocrx_word' id='word_1_4' title='bbox 602 174 646 222; x_wconf 89' lang='lat' dir='ltr'><strong>Vl.</strong></span> <span class='ocrx_word' id='word_1_5' title='bbox 664 190 680 234; x_wconf 88' lang='lat'>4</span> <span class='ocrx_word' id='word_1_6' title='bbox 695 201 705 208; x_wconf 97' lang='lat'><em>-</em></span> <span class='ocrx_word' id='word_1_7' title='bbox 721 174 765 222; x_wconf 90' lang='lat' dir='ltr'><strong>Vl.</strong></span> <span class='ocrx_word' id='word_1_8' title='bbox 786 191 794 235; x_wconf 89' lang='lat'>5</span> 
     </span>
    </p>
   </div>
   <div class='ocr_carea' id='block_1_2' title="bbox 206 315 891 450">
    <p class='ocr_par' dir='ltr' id='par_1_2' title="bbox 206 315 891 450">
     <span class='ocr_line' id='line_1_2' title="bbox 206 315 891 383; baseline 0 -19"><span class='ocrx_word' id='word_1_9' title='bbox 206 315 291 364; x_wconf 81' lang='lat' dir='ltr'>Passus</span> <span class='ocrx_word' id='word_1_10' title='bbox 308 316 348 365; x_wconf 89' lang='lat' dir='ltr'><strong>hic</strong></span> <span class='ocrx_word' id='word_1_11' title='bbox 363 316 478 365; x_wconf 87' lang='lat' dir='ltr'><strong>iniustam</strong></span> <span class='ocrx_word' id='word_1_12' title='bbox 494 316 541 365; x_wconf 91' lang='lat' dir='ltr'><strong>sibi</strong></span> <span class='ocrx_word' id='word_1_13' title='bbox 555 315 627 383; x_wconf 83' lang='lat' dir='ltr'><strong>plebe</strong></span> <span class='ocrx_word' id='word_1_14' title='bbox 642 327 747 381; x_wconf 77' lang='lat' dir='ltr'>negante</span> <span class='ocrx_word' id='word_1_15' title='bbox 762 317 891 382; x_wconf 76' lang='lat' dir='ltr'>repulsam,</span> 
     </span>
     <span class='ocr_line' id='line_1_3' title="bbox 254 386 885 450; baseline 0.002 -15"><span class='ocrx_word' id='word_1_16' title='bbox 254 387 355 450; x_wconf 85' lang='lat' dir='ltr'><strong>«Quod</strong></span> <span class='ocrx_word' id='word_1_17' title='bbox 371 387 484 436; x_wconf 85' lang='lat' dir='ltr'><strong>meliores</strong></span> <span class='ocrx_word' id='word_1_18' title='bbox 502 387 557 447; x_wconf 88' lang='lat' dir='ltr'><strong>sint,</strong></span> <span class='ocrx_word' id='word_1_19' title='bbox 567 386 641 448; x_wconf 89' lang='lat' dir='ltr'><strong>urbs,</strong></span> <span class='ocrx_word' id='word_1_20' title='bbox 657 386 704 436; x_wconf 89' lang='lat' dir='ltr'><strong>tibi</strong></span> <span class='ocrx_word' id='word_1_21' title='bbox 719 388 827 447; x_wconf 80' lang='lat' dir='ltr'><strong>laetor»,</strong></span> <span class='ocrx_word' id='word_1_22' title='bbox 844 388 885 436; x_wconf 86' lang='lat' dir='ltr'><strong>ait.</strong></span> 
     </span>
    </p>
   </div>
   <div class='ocr_carea' id='block_1_3' title="bbox 465 525 658 571">
    <p class='ocr_par' dir='ltr' id='par_1_3' title="bbox 465 525 658 571">
     <span class='ocr_line' id='line_1_4' title="bbox 465 525 658 571; baseline 0 0"><span class='ocrx_word' id='word_1_23' title='bbox 465 527 510 571; x_wconf 91' lang='lat' dir='ltr'><strong>DE</strong></span> <span class='ocrx_word' id='word_1_24' title='bbox 524 525 658 571; x_wconf 85' lang='lat' dir='ltr'><strong>IUSTICIA</strong></span> 
     </span>
    </p>
   </div>
   <div class='ocr_carea' id='block_1_4' title="bbox 520 655 529 700">
    <p class='ocr_par' dir='ltr' id='par_1_4' title="bbox 520 655 529 700">
     <span class='ocr_line' id='line_1_5' title="bbox 520 655 529 700; baseline 0 0"><span class='ocrx_word' id='word_1_25' title='bbox 520 655 529 700; x_wconf 80' lang='lat'>5</span> 
     </span>
    </p>
   </div>
   <div class='ocr_carea' id='block_1_5' title="bbox 106 744 962 2582">
    <p class='ocr_par' dir='ltr' id='par_1_5' title="bbox 205 744 859 884">
     <span class='ocr_line' id='line_1_6' title="bbox 205 744 859 811; baseline 0.002 -17"><span class='ocrx_word' id='word_1_26' title='bbox 205 744 326 810; x_wconf 86' lang='lat' dir='ltr'><strong>Cingebas</strong></span> <span class='ocrx_word' id='word_1_27' title='bbox 342 760 435 804; x_wconf 89' lang='lat' dir='ltr'><strong>muros,</strong></span> <span class='ocrx_word' id='word_1_28' title='bbox 451 745 490 793; x_wconf 85' lang='lat' dir='ltr'><strong>vir</strong></span> <span class='ocrx_word' id='word_1_29' title='bbox 505 761 601 811; x_wconf 80' lang='lat' dir='ltr'><strong>magne,</strong></span> <span class='ocrx_word' id='word_1_30' title='bbox 619 745 728 805; x_wconf 88' lang='lat' dir='ltr'><strong>Camille,</strong></span> <span class='ocrx_word' id='word_1_31' title='bbox 745 745 859 805; x_wconf 82' lang='lat' dir='ltr'>Faliscos,</span> 
     </span>
     <span class='ocr_line' id='line_1_7' title="bbox 253 816 742 884; baseline 0 -19"><span class='ocrx_word' id='word_1_32' title='bbox 253 816 336 866; x_wconf 91' lang='lat' dir='ltr'><strong>Plures</strong></span> <span class='ocrx_word' id='word_1_33' title='bbox 353 827 377 864; x_wconf 94' lang='lat' dir='ltr'><strong>et</strong></span> <span class='ocrx_word' id='word_1_34' title='bbox 393 817 470 865; x_wconf 91' lang='lat' dir='ltr'><strong>claros</strong></span> <span class='ocrx_word' id='word_1_35' title='bbox 486 816 547 866; x_wconf 87' lang='lat' dir='ltr'><strong>urbe</strong></span> <span class='ocrx_word' id='word_1_36' title='bbox 563 817 638 884; x_wconf 83' lang='lat' dir='ltr'><strong>clepit</strong></span> <span class='ocrx_word' id='word_1_37' title='bbox 653 831 742 884; x_wconf 86' lang='lat' dir='ltr'><strong>pueros</strong></span> 
     </span>
    </p>

    <p class='ocr_par' dir='ltr' id='par_1_6' title="bbox 205 888 834 1026">
     <span class='ocr_line' id='line_1_8' title="bbox 205 888 834 955; baseline 0.002 -19"><span class='ocrx_word' id='word_1_38' title='bbox 205 889 349 955; x_wconf 77' lang='lat' dir='ltr'><strong>Praeceptor</strong></span> <span class='ocrx_word' id='word_1_39' title='bbox 364 888 418 937; x_wconf 93' lang='lat' dir='ltr'><strong>ludi</strong></span> <span class='ocrx_word' id='word_1_40' title='bbox 433 889 593 954; x_wconf 85' lang='lat' dir='ltr'><strong>Romanaque</strong></span> <span class='ocrx_word' id='word_1_41' title='bbox 609 900 685 937; x_wconf 88' lang='lat' dir='ltr'><strong>castra</strong></span> <span class='ocrx_word' id='word_1_42' title='bbox 701 888 834 938; x_wconf 79' lang='lat' dir='ltr'>subintrat:</span> 
     </span>
     <span class='ocr_line' id='line_1_9' title="bbox 253 959 815 1026; baseline 0.004 -19"><span class='ocrx_word' id='word_1_43' title='bbox 253 960 300 1008; x_wconf 91' lang='lat' dir='ltr'><strong>His</strong></span> <span class='ocrx_word' id='word_1_44' title='bbox 316 960 389 1008; x_wconf 90' lang='lat' dir='ltr'><strong>tentis</strong></span> <span class='ocrx_word' id='word_1_45' title='bbox 405 959 475 1008; x_wconf 87' lang='lat' dir='ltr'><strong>reddi</strong></span> <span class='ocrx_word' id='word_1_46' title='bbox 491 960 590 1008; x_wconf 87' lang='lat' dir='ltr'><strong>moenia</strong></span> <span class='ocrx_word' id='word_1_47' title='bbox 604 960 733 1026; x_wconf 84' lang='lat' dir='ltr'><strong>cognitum</strong></span> <span class='ocrx_word' id='word_1_48' title='bbox 749 971 815 1020; x_wconf 82' lang='lat' dir='ltr'><strong>erat3</strong></span> 
     </span>
    </p>

    <p class='ocr_par' dir='ltr' id='par_1_7' title="bbox 205 1030 810 1170">
     <span class='ocr_line' id='line_1_10' title="bbox 205 1030 810 1099; baseline 0 -19"><span class='ocrx_word' id='word_1_49' title='bbox 205 1030 339 1099; x_wconf 85' lang='lat' dir='ltr'><strong>Compellis</strong></span> <span class='ocrx_word' id='word_1_50' title='bbox 355 1045 445 1098; x_wconf 89' lang='lat' dir='ltr'><strong>pueros</strong></span> <span class='ocrx_word' id='word_1_51' title='bbox 461 1030 537 1097; x_wconf 86' lang='lat' dir='ltr'><strong>virgis</strong></span> <span class='ocrx_word' id='word_1_52' title='bbox 553 1030 642 1080; x_wconf 89' lang='lat' dir='ltr'><strong>laniare</strong></span> <span class='ocrx_word' id='word_1_53' title='bbox 658 1032 810 1097; x_wconf 82' lang='lat' dir='ltr'><strong>magistrum,</strong></span> 
     </span>
     <span class='ocr_line' id='line_1_11' title="bbox 253 1103 754 1170; baseline 0.002 -19"><span class='ocrx_word' id='word_1_54' title='bbox 253 1103 419 1170; x_wconf 88' lang='lat' dir='ltr'><strong>Restituisque</strong></span> <span class='ocrx_word' id='word_1_55' title='bbox 435 1103 484 1151; x_wconf 92' lang='lat' dir='ltr'><strong>suis</strong></span> <span class='ocrx_word' id='word_1_56' title='bbox 500 1103 621 1151; x_wconf 87' lang='lat' dir='ltr'><strong>continuo</strong></span> <span class='ocrx_word' id='word_1_57' title='bbox 636 1103 754 1170; x_wconf 86' lang='lat' dir='ltr'><strong>patribus:</strong></span> 
     </span>
    </p>

    <p class='ocr_par' dir='ltr' id='par_1_8' title="bbox 204 1174 779 1313">
     <span class='ocr_line' id='line_1_12' title="bbox 204 1174 759 1241; baseline 0.002 -19"><span class='ocrx_word' id='word_1_58' title='bbox 204 1174 265 1223; x_wconf 88' lang='lat' dir='ltr'><strong>Non</strong></span> <span class='ocrx_word' id='word_1_59' title='bbox 280 1174 415 1241; x_wconf 61' lang='lat' dir='ltr'><strong>expugnari</strong></span> <span class='ocrx_word' id='word_1_60' title='bbox 429 1185 543 1241; x_wconf 78' lang='lat' dir='ltr'><strong>poterant</strong></span> <span class='ocrx_word' id='word_1_61' title='bbox 558 1174 650 1223; x_wconf 80' lang='lat' dir='ltr'><strong>virtute</strong></span> <span class='ocrx_word' id='word_1_62' title='bbox 665 1174 759 1234; x_wconf 84' lang='lat' dir='ltr'><strong>Falisci,</strong></span> 
     </span>
     <span class='ocr_line' id='line_1_13' title="bbox 254 1245 779 1313; baseline 0 -18"><span class='ocrx_word' id='word_1_63' title='bbox 254 1245 342 1295; x_wconf 87' lang='lat' dir='ltr'><strong>Subdis</strong></span> <span class='ocrx_word' id='word_1_64' title='bbox 359 1263 402 1294; x_wconf 93' lang='lat' dir='ltr'><strong>eos</strong></span> <span class='ocrx_word' id='word_1_65' title='bbox 418 1256 492 1306; x_wconf 88' lang='lat' dir='ltr'><strong>tanta,</strong></span> <span class='ocrx_word' id='word_1_66' title='bbox 509 1245 560 1294; x_wconf 80' lang='lat' dir='ltr'><strong>dux</strong></span> <span class='ocrx_word' id='word_1_67' title='bbox 574 1245 660 1313; x_wconf 83' lang='lat' dir='ltr'><strong>probe,</strong></span> <span class='ocrx_word' id='word_1_68' title='bbox 676 1246 779 1295; x_wconf 91' lang='lat' dir='ltr'><strong>iusticia.</strong></span> 
     </span>
    </p>

    <p class='ocr_par' dir='ltr' id='par_1_9' title="bbox 202 1316 831 1448">
     <span class='ocr_line' id='line_1_14' title="bbox 202 1316 831 1385; baseline -0.002 -19"><span class='ocrx_word' id='word_1_69' title='bbox 202 1316 294 1366; x_wconf 90' lang='lat' dir='ltr'><strong>Denuo</strong></span> <span class='ocrx_word' id='word_1_70' title='bbox 311 1317 354 1385; x_wconf 88' lang='lat' dir='ltr'><strong>qui</strong></span> <span class='ocrx_word' id='word_1_71' title='bbox 369 1316 440 1366; x_wconf 89' lang='lat' dir='ltr'><strong>bellis</strong></span> <span class='ocrx_word' id='word_1_72' title='bbox 456 1317 572 1383; x_wconf 84' lang='lat' dir='ltr'><strong>gravibus</strong></span> <span class='ocrx_word' id='word_1_73' title='bbox 589 1318 721 1383; x_wconf 88' lang='lat' dir='ltr'><strong>multisque</strong></span> <span class='ocrx_word' id='word_1_74' title='bbox 737 1318 831 1384; x_wconf 85' lang='lat' dir='ltr'><strong>gravati</strong></span> 
     </span>
     <span class='ocr_line' id='line_1_15' title="bbox 253 1388 717 1448; baseline 0 -11"><span class='ocrx_word' id='word_1_75' title='bbox 253 1388 371 1448; x_wconf 89' lang='lat' dir='ltr'><strong>Tandem,</strong></span> <span class='ocrx_word' id='word_1_76' title='bbox 388 1389 481 1448; x_wconf 86' lang='lat' dir='ltr'><strong>Lutaci,</strong></span> <span class='ocrx_word' id='word_1_77' title='bbox 498 1388 639 1438; x_wconf 89' lang='lat' dir='ltr'><strong>subiacuere</strong></span> <span class='ocrx_word' id='word_1_78' title='bbox 654 1388 717 1448; x_wconf 91' lang='lat' dir='ltr'><strong>tibi;</strong></span> 
     </span>
    </p>

    <p class='ocr_par' dir='ltr' id='par_1_10' title="bbox 204 1460 791 1581">
     <span class='ocr_line' id='line_1_16' title="bbox 204 1460 791 1527; baseline 0 -18"><span class='ocrx_word' id='word_1_79' title='bbox 204 1460 293 1509; x_wconf 86' lang='lat' dir='ltr'><strong>Obstat</strong></span> <span class='ocrx_word' id='word_1_80' title='bbox 309 1461 427 1527; x_wconf 87' lang='lat' dir='ltr'><strong>Papirius,</strong></span> <span class='ocrx_word' id='word_1_81' title='bbox 444 1460 512 1527; x_wconf 91' lang='lat' dir='ltr'><strong>cupit</strong></span> <span class='ocrx_word' id='word_1_82' title='bbox 527 1460 573 1509; x_wconf 90' lang='lat' dir='ltr'><strong>hos</strong></span> <span class='ocrx_word' id='word_1_83' title='bbox 590 1460 671 1509; x_wconf 89' lang='lat' dir='ltr'><strong>delere</strong></span> <span class='ocrx_word' id='word_1_84' title='bbox 687 1471 791 1520; x_wconf 87' lang='lat' dir='ltr'><strong>senatus,</strong></span> 
     </span>
     <span class='ocr_line' id='line_1_17' title="bbox 251 1531 702 1581; baseline -0.002 0"><span class='ocrx_word' id='word_1_85' title='bbox 251 1532 352 1581; x_wconf 78' lang='lat' dir='ltr'><strong>Viribus</strong></span> <span class='ocrx_word' id='word_1_86' title='bbox 367 1531 454 1581; x_wconf 84' lang='lat' dir='ltr'><strong>invicti</strong></span> <span class='ocrx_word' id='word_1_87' title='bbox 470 1531 621 1581; x_wconf 90' lang='lat' dir='ltr'><strong>crediderant</strong></span> <span class='ocrx_word' id='word_1_88' title='bbox 636 1531 702 1581; x_wconf 87' lang='lat' dir='ltr'><strong>fidei.</strong></span> 
     </span>
    </p>

    <p class='ocr_par' dir='ltr' id='par_1_11' title="bbox 203 1603 962 1742">
     <span class='ocr_line' id='line_1_18' title="bbox 203 1603 811 1671; baseline -0.002 -19"><span class='ocrx_word' id='word_1_89' title='bbox 203 1603 354 1652; x_wconf 86' lang='lat' dir='ltr'><strong>Vendideras</strong></span> <span class='ocrx_word' id='word_1_90' title='bbox 370 1615 454 1671; x_wconf 89' lang='lat' dir='ltr'><strong>captos</strong></span> <span class='ocrx_word' id='word_1_91' title='bbox 470 1620 484 1652; x_wconf 88' lang='lat' dir='ltr'>a</span> <span class='ocrx_word' id='word_1_92' title='bbox 500 1615 532 1663; x_wconf 89' lang='lat' dir='ltr'><strong>te,</strong></span> <span class='ocrx_word' id='word_1_93' title='bbox 550 1603 644 1663; x_wconf 79' lang='lat' dir='ltr'>Claudi,</span> <span class='ocrx_word' id='word_1_94' title='bbox 661 1604 811 1662; x_wconf 88' lang='lat' dir='ltr'><strong>Camerinos,</strong></span> 
     </span>
     <span class='ocr_line' id='line_1_19' title="bbox 251 1675 962 1742; baseline -0.003 -19"><span class='ocrx_word' id='word_1_95' title='bbox 251 1675 322 1724; x_wconf 89' lang='lat' dir='ltr'><strong>Fisco</strong></span> <span class='ocrx_word' id='word_1_96' title='bbox 339 1675 466 1724; x_wconf 90' lang='lat' dir='ltr'><strong>communi</strong></span> <span class='ocrx_word' id='word_1_97' title='bbox 480 1675 579 1742; x_wconf 89' lang='lat' dir='ltr'><strong>praedia</strong></span> <span class='ocrx_word' id='word_1_98' title='bbox 595 1675 720 1734; x_wconf 71' lang='lat' dir='ltr'><strong>subitiens</strong></span> <span class='ocrx_word' id='word_1_99' title='bbox 916 1685 929 1721; x_wconf 89' lang='lat' dir='ltr'><strong>f.</strong></span> <span class='ocrx_word' id='word_1_100' title='bbox 940 1685 962 1730; x_wconf 77' lang='lat'><strong>65</strong></span> 
     </span>
    </p>

    <p class='ocr_par' dir='ltr' id='par_1_12' title="bbox 204 1746 772 1885">
     <span class='ocr_line' id='line_1_20' title="bbox 204 1746 772 1815; baseline -0.002 -19"><span class='ocrx_word' id='word_1_101' title='bbox 204 1747 250 1796; x_wconf 84' lang='lat' dir='ltr'><strong>Sed</strong></span> <span class='ocrx_word' id='word_1_102' title='bbox 267 1747 324 1815; x_wconf 88' lang='lat' dir='ltr'><strong>quia</strong></span> <span class='ocrx_word' id='word_1_103' title='bbox 341 1758 408 1812; x_wconf 83' lang='lat' dir='ltr'><strong>gesta</strong></span> <span class='ocrx_word' id='word_1_104' title='bbox 423 1746 472 1796; x_wconf 90' lang='lat' dir='ltr'><strong>fide</strong></span> <span class='ocrx_word' id='word_1_105' title='bbox 488 1758 552 1795; x_wconf 89' lang='lat' dir='ltr'><strong>recta</strong></span> <span class='ocrx_word' id='word_1_106' title='bbox 568 1763 621 1794; x_wconf 91' lang='lat' dir='ltr'><strong>non</strong></span> <span class='ocrx_word' id='word_1_107' title='bbox 636 1748 681 1795; x_wconf 85' lang='lat' dir='ltr'><strong>ista</strong></span> <span class='ocrx_word' id='word_1_108' title='bbox 696 1746 772 1805; x_wconf 87' lang='lat' dir='ltr'><strong>fuere,</strong></span> 
     </span>
     <span class='ocr_line' id='line_1_21' title="bbox 251 1817 749 1885; baseline -0.002 -18"><span class='ocrx_word' id='word_1_109' title='bbox 251 1818 373 1867; x_wconf 89' lang='lat' dir='ltr'><strong>Collectos</strong></span> <span class='ocrx_word' id='word_1_110' title='bbox 390 1818 497 1877; x_wconf 87' lang='lat' dir='ltr'><strong>redimis,</strong></span> <span class='ocrx_word' id='word_1_111' title='bbox 512 1817 611 1885; x_wconf 88' lang='lat' dir='ltr'><strong>praedia</strong></span> <span class='ocrx_word' id='word_1_112' title='bbox 626 1818 749 1877; x_wconf 89' lang='lat' dir='ltr'><strong>restituis;</strong></span> 
     </span>
    </p>

    <p class='ocr_par' dir='ltr' id='par_1_13' title="bbox 201 1889 781 2031">
     <span class='ocr_line' id='line_1_22' title="bbox 201 1889 781 1949; baseline -0.002 -11"><span class='ocrx_word' id='word_1_113' title='bbox 201 1890 253 1938; x_wconf 87' lang='lat' dir='ltr'><strong>Das</strong></span> <span class='ocrx_word' id='word_1_114' title='bbox 269 1890 296 1938; x_wconf 86' lang='lat' dir='ltr'><strong>in</strong></span> <span class='ocrx_word' id='word_1_115' title='bbox 311 1889 438 1939; x_wconf 82' lang='lat' dir='ltr'><strong>Aventino</strong></span> <span class='ocrx_word' id='word_1_116' title='bbox 455 1889 502 1938; x_wconf 90' lang='lat' dir='ltr'>sibi</span> <span class='ocrx_word' id='word_1_117' title='bbox 518 1889 626 1938; x_wconf 81' lang='lat' dir='ltr'><strong>metandi</strong></span> <span class='ocrx_word' id='word_1_118' title='bbox 641 1890 695 1938; x_wconf 88' lang='lat' dir='ltr'><strong>loca</strong></span> <span class='ocrx_word' id='word_1_119' title='bbox 710 1889 781 1949; x_wconf 89' lang='lat' dir='ltr'><strong>colle,</strong></span> 
     </span>
     <span class='ocr_line' id='line_1_23' title="bbox 250 1960 732 2031; baseline -0.002 -21"><span class='ocrx_word' id='word_1_120' title='bbox 250 1961 355 2027; x_wconf 83' lang='lat' dir='ltr'><strong>Argenti</strong></span> <span class='ocrx_word' id='word_1_121' title='bbox 371 1977 466 2009; x_wconf 88' lang='lat' dir='ltr'><strong>summa</strong></span> <span class='ocrx_word' id='word_1_122' title='bbox 482 1960 732 2031; x_wconf 22' lang='lat' dir='ltr'><strong>templalreaedificas</strong></span> 
     </span>
    </p>

    <p class='ocr_par' dir='ltr' id='par_1_14' title="bbox 201 2032 886 2171">
     <span class='ocr_line' id='line_1_24' title="bbox 201 2032 886 2100; baseline 0 -20"><span class='ocrx_word' id='word_1_123' title='bbox 201 2032 304 2082; x_wconf 89' lang='lat' dir='ltr'><strong>Perdere</strong></span> <span class='ocrx_word' id='word_1_124' title='bbox 320 2032 478 2098; x_wconf 88' lang='lat' dir='ltr'><strong>Timochares</strong></span> <span class='ocrx_word' id='word_1_125' title='bbox 495 2033 591 2082; x_wconf 90' lang='lat' dir='ltr'><strong>Pirrum</strong></span> <span class='ocrx_word' id='word_1_126' title='bbox 606 2032 747 2100; x_wconf 88' lang='lat' dir='ltr'><strong>praebendo</strong></span> <span class='ocrx_word' id='word_1_127' title='bbox 762 2048 886 2081; x_wconf 80' lang='lat' dir='ltr'><strong>venenum</strong></span> 
     </span>
     <span class='ocr_line' id='line_1_25' title="bbox 250 2102 765 2171; baseline 0 -19"><span class='ocrx_word' id='word_1_128' title='bbox 250 2104 352 2153; x_wconf 88' lang='lat' dir='ltr'><strong>Mandat</strong></span> <span class='ocrx_word' id='word_1_129' title='bbox 368 2103 488 2163; x_wconf 86' lang='lat' dir='ltr'><strong>Fabricio,</strong></span> <span class='ocrx_word' id='word_1_130' title='bbox 504 2103 611 2171; x_wconf 91' lang='lat' dir='ltr'><strong>praemia</strong></span> <span class='ocrx_word' id='word_1_131' title='bbox 627 2103 647 2151; x_wconf 89' lang='lat' dir='ltr'><strong>si</strong></span> <span class='ocrx_word' id='word_1_132' title='bbox 664 2102 765 2164; x_wconf 81' lang='lat' dir='ltr'><strong>dederit,</strong></span> 
     </span>
    </p>

    <p class='ocr_par' dir='ltr' id='par_1_15' title="bbox 200 2175 817 2312">
     <span class='ocr_line' id='line_1_26' title="bbox 200 2175 817 2242; baseline 0 -18"><span class='ocrx_word' id='word_1_133' title='bbox 200 2175 276 2224; x_wconf 89' lang='lat' dir='ltr'><strong>Filius</strong></span> <span class='ocrx_word' id='word_1_134' title='bbox 292 2176 364 2224; x_wconf 90' lang='lat' dir='ltr'><strong>huius</strong></span> <span class='ocrx_word' id='word_1_135' title='bbox 381 2187 431 2224; x_wconf 88' lang='lat' dir='ltr'><strong>erat</strong></span> <span class='ocrx_word' id='word_1_136' title='bbox 446 2176 559 2242; x_wconf 87' lang='lat' dir='ltr'><strong>princeps</strong></span> <span class='ocrx_word' id='word_1_137' title='bbox 575 2175 637 2224; x_wconf 88' lang='lat' dir='ltr'><strong>Pirri</strong></span> <span class='ocrx_word' id='word_1_138' title='bbox 652 2175 817 2224; x_wconf 87' lang='lat' dir='ltr'><strong>medicorum:</strong></span> 
     </span>
     <span class='ocr_line' id='line_1_27' title="bbox 249 2245 695 2312; baseline -0.002 -17"><span class='ocrx_word' id='word_1_139' title='bbox 249 2247 369 2296; x_wconf 90' lang='lat' dir='ltr'><strong>Fabritius</strong></span> <span class='ocrx_word' id='word_1_140' title='bbox 386 2247 438 2312; x_wconf 82' lang='lat' dir='ltr'><strong>regi</strong></span> <span class='ocrx_word' id='word_1_141' title='bbox 454 2263 514 2295; x_wconf 83' lang='lat' dir='ltr'><strong>mox</strong></span> <span class='ocrx_word' id='word_1_142' title='bbox 528 2247 562 2294; x_wconf 90' lang='lat' dir='ltr'><strong>ita</strong></span> <span class='ocrx_word' id='word_1_143' title='bbox 578 2245 695 2306; x_wconf 89' lang='lat' dir='ltr'><strong>notificat,</strong></span> 
     </span>
    </p>

    <p class='ocr_par' dir='ltr' id='par_1_16' title="bbox 201 2317 818 2456">
     <span class='ocr_line' id='line_1_28' title="bbox 201 2317 818 2384; baseline 0.002 -19"><span class='ocrx_word' id='word_1_144' title='bbox 201 2336 215 2366; x_wconf 76' lang='lat'>«</span> <span class='ocrx_word' id='word_1_145' title='bbox 224 2318 355 2367; x_wconf 86' lang='lat' dir='ltr'><strong>Laetiferas</strong></span> <span class='ocrx_word' id='word_1_146' title='bbox 370 2318 454 2384; x_wconf 84' lang='lat' dir='ltr'><strong>fugito</strong></span> <span class='ocrx_word' id='word_1_147' title='bbox 469 2318 624 2367; x_wconf 91' lang='lat' dir='ltr'><strong>medicorum</strong></span> <span class='ocrx_word' id='word_1_148' title='bbox 640 2317 818 2377; x_wconf 85' lang='lat' dir='ltr'><strong>sorbitiones»,</strong></span> 
     </span>
     <span class='ocr_line' id='line_1_29' title="bbox 249 2388 818 2456; baseline -0.002 -18"><span class='ocrx_word' id='word_1_149' title='bbox 249 2389 402 2438; x_wconf 90' lang='lat' dir='ltr'><strong>Timocharis</strong></span> <span class='ocrx_word' id='word_1_150' title='bbox 418 2405 511 2438; x_wconf 88' lang='lat' dir='ltr'><strong>nomen</strong></span> <span class='ocrx_word' id='word_1_151' title='bbox 527 2388 658 2456; x_wconf 88' lang='lat' dir='ltr'><strong>supprimit</strong></span> <span class='ocrx_word' id='word_1_152' title='bbox 672 2389 714 2438; x_wconf 89' lang='lat' dir='ltr'><strong>ille</strong></span> <span class='ocrx_word' id='word_1_153' title='bbox 729 2400 818 2449; x_wconf 88' lang='lat' dir='ltr'><strong>tamen,</strong></span> 
     </span>
    </p>

    <p class='ocr_par' dir='ltr' id='par_1_17' title="bbox 106 2460 835 2527">
     <span class='ocr_line' id='line_1_30' title="bbox 106 2460 835 2527; baseline -0.004 -15"><span class='ocrx_word' id='word_1_154' title='bbox 106 2482 126 2513; x_wconf 77' lang='lat'><strong>25</strong></span> <span class='ocrx_word' id='word_1_155' title='bbox 201 2461 307 2510; x_wconf 82' lang='lat' dir='ltr'><strong>«Armis</strong></span> <span class='ocrx_word' id='word_1_156' title='bbox 324 2478 370 2510; x_wconf 90' lang='lat' dir='ltr'><strong>nos</strong></span> <span class='ocrx_word' id='word_1_157' title='bbox 387 2462 454 2509; x_wconf 90' lang='lat' dir='ltr'><strong>noris</strong></span> <span class='ocrx_word' id='word_1_158' title='bbox 471 2477 523 2509; x_wconf 89' lang='lat' dir='ltr'><strong>non</strong></span> <span class='ocrx_word' id='word_1_159' title='bbox 539 2460 602 2509; x_wconf 91' lang='lat' dir='ltr'>bella</span> <span class='ocrx_word' id='word_1_160' title='bbox 617 2472 711 2527; x_wconf 86' lang='lat' dir='ltr'><strong>patrare</strong></span> <span class='ocrx_word' id='word_1_161' title='bbox 726 2461 835 2520; x_wconf 87' lang='lat' dir='ltr'><strong>venenis,</strong></span> 
     </span>
    </p>

    <p class='ocr_par' dir='ltr' id='par_1_18' title="bbox 249 2531 770 2582">
     <span class='ocr_line' id='line_1_31' title="bbox 249 2531 770 2582; baseline -0.002 0"><span class='ocrx_word' id='word_1_162' title='bbox 249 2534 315 2582; x_wconf 85' lang='lat' dir='ltr'><strong>Nam</strong></span> <span class='ocrx_word' id='word_1_163' title='bbox 330 2534 436 2581; x_wconf 90' lang='lat' dir='ltr'><strong>Romam</strong></span> <span class='ocrx_word' id='word_1_164' title='bbox 452 2531 538 2580; x_wconf 86' lang='lat' dir='ltr'><strong>Martis</strong></span> <span class='ocrx_word' id='word_1_165' title='bbox 554 2531 618 2581; x_wconf 87' lang='lat' dir='ltr'>filius</span> <span class='ocrx_word' id='word_1_166' title='bbox 634 2532 770 2581; x_wconf 82' lang='lat' dir='ltr'><strong>instituit».</strong></span> 
     </span>
    </p>
   </div>
   <div class='ocr_carea' id='block_1_6' title="bbox 164 2680 717 2741">
    <p class='ocr_par' dir='ltr' id='par_1_19' title="bbox 164 2680 717 2741">
     <span class='ocr_line' id='line_1_32' title="bbox 164 2680 717 2741; baseline -0.004 -9"><span class='ocrx_word' id='word_1_167' title='bbox 164 2710 185 2732; x_wconf 86' lang='lat'><strong>10</strong></span> <span class='ocrx_word' id='word_1_168' title='bbox 195 2698 259 2732; x_wconf 87' lang='lat' dir='ltr'><strong>lutaci:</strong></span> <span class='ocrx_word' id='word_1_169' title='bbox 272 2710 284 2732; x_wconf 96' lang='lat' dir='ltr'><strong>o</strong></span> <span class='ocrx_word' id='word_1_170' title='bbox 295 2700 323 2741; x_wconf 86' lang='lat' dir='ltr'><strong>sig.</strong></span> <span class='ocrx_word' id='word_1_171' title='bbox 337 2708 366 2731; x_wconf 72' lang='lat' dir='ltr'>aaa.</span> <span class='ocrx_word' id='word_1_172' title='bbox 379 2704 458 2741; x_wconf 77' lang='lat' dir='ltr'><strong>suprascr.</strong></span> <span class='ocrx_word' id='word_1_173' title='bbox 509 2700 527 2731; x_wconf 93' lang='lat'><strong>18</strong></span> <span class='ocrx_word' id='word_1_174' title='bbox 540 2696 673 2740; x_wconf 77' lang='lat' dir='ltr'><strong>(re).(aedificas)</strong></span> <span class='ocrx_word' id='word_1_175' title='bbox 685 2680 717 2731; x_wconf 64' lang='lat' dir='ltr'><strong>aas.</strong></span> 
     </span>
    </p>
   </div>
   <div class='ocr_carea' id='block_1_7' title="bbox 0 0 1038 3216">
    <p class='ocr_par' dir='ltr' id='par_1_20' title="bbox 0 0 1038 3216">
     <span class='ocr_line' id='line_1_33' title="bbox 0 0 1038 3216; baseline 0 1"><span class='ocrx_word' id='word_1_176' title='bbox 0 0 1038 3216; x_wconf 95' lang='lat' dir='ltr'><strong> </strong></span> 
     </span>
    </p>
   </div>
  </div>
 </body>
</html>
