2068 3216
200 144 248 189 170

372 217 407 250 nn
422 215 628 251 Mnnonnnnmus
644 201 699 249 VII.
718 217 731 249 2

197 344 306 403 Pectore,
323 360 376 393 non
391 344 506 403 humeris,
523 360 565 392 sua
581 360 606 392 se
622 342 686 392 bona
702 344 787 393 tollere
803 344 870 405 dicit,

247 415 316 478 Quae
332 416 409 465 valeat
425 415 506 464 nullus
522 415 651 482 aeripuisse
667 414 721 464 sibi.

198 486 247 536 «Si
264 487 356 552 sapiant
371 502 440 553 teges
455 487 496 536 vel
512 486 532 536 si
548 498 650 553 regnent
665 487 791 553 sapientes,

246 557 321 607 Orbis
337 559 383 607 erit
397 556 487 618 felix»,
503 558 583 624 inquit
598 558 745 608 Aristotiles.

197 628 294 679 Illustet
310 629 410 695 quidam
426 629 486 679 dum
501 645 543 678 rex
558 647 572 678 a
586 629 658 696 plebe
674 642 774 690 creatur,
838 676 840 682 .

247 701 367 751 Oblatum
382 700 493 750 manibus
509 702 558 750 iarn
573 701 683 751 diadema
699 713 772 762 tenet,

198 773 352 839 Intuitusque
369 772 411 821 diu
427 774 513 839 magis,
530 790 569 821 «ο
585 784 612 822 tu
628 773 751 832 nobilis»,
767 774 855 840 inquit,

247 845 354 908 «Quam
368 843 428 893 felix
442 858 545 911 pannus,
561 845 588 893 ni
603 844 665 894 male
681 844 830 913 desipimus!

197 916 304 966 Noverit
319 915 457 985 aerumpnis
473 917 494 965 si
509 917 564 983 quis
580 915 679 967 durisve
693 917 790 984 periclis
908 929 967 973 tm

248 988 284 1037 Sis
299 987 386 1055 plenus
403 989 507 1054 quantis,
523 1004 575 1037 non
591 988 637 1037 sibi
653 1000 734 1054 gratus
751 990 806 1049 eris,

198 1058 296 1108 Tollere
311 1076 363 1109 non
379 1059 474 1109 obtabit
489 1060 567 1119 humi,
584 1060 604 1108 si
619 1059 683 1109 forte
699 1060 794 1121 iacebis,

247 1131 283 1180 Te
299 1142 377 1181 metus
394 1132 499 1181 anxietas
516 1143 540 1181 et
555 1131 625 1180 labor
639 1132 806 1199 insequitur».

197 1203 264 1251 Inter
280 1202 405 1252 mordaces
420 1202 524 1271 positus,
541 1203 607 1252 solus
623 1202 749 1256 cohiberet

246 1275 316 1323 Dum
330 1274 514 1341 lingamsolito
531 1276 680 1324 Xenocrates
696 1275 787 1335 studio,

197 1346 282 1414 Inquit
296 1346 320 1395 ei
335 1346 443 1414 quidam,
459 1346 583 1395 «cohibes
598 1362 649 1406 cur,
665 1345 749 1406 dicito,
764 1347 857 1413 lingam
873 1347 907 1396 ?»

248 1417 319 1467 Solus
335 1419 375 1467 cui
391 1417 495 1484 dignum
510 1417 616 1467 reddidit
632 1418 766 1484 eloquium,

200 1489 316 1539 «Crebro
332 1506 372 1539 me
387 1489 476 1543 dixisse
491 1490 567 1558 piget,
583 1506 718 1558 numquam
733 1490 836 1539 tacuisse
845 1508 877 1540 »ε

247 1562 403 1628 Responsum
419 1561 486 1610 docti
502 1561 646 1628 comprobat
661 1561 702 1610 ille
717 1561 773 1610 viri.

199 1632 287 1681 Narrat
302 1632 478 1700 Aristophanes
494 1644 636 1682 revocatum
652 1644 731 1681 morte
747 1633 863 1693 Periclen,

247 1704 271 1753 A
288 1704 356 1770 Stige
372 1704 415 1771 qui
430 1704 524 1753 rediens
540 1703 685 1754 vaticinatur
699 1705 748 1754 ita:

200 1776 276 1839 «Qui
290 1774 346 1826 fore
360 1787 497 1843 perpetuas,
513 1775 644 1835 adtendite,
660 1776 735 1825 vultis
751 1776 867 1834 Athenas,

248 1846 315 1896 Urbe
330 1848 428 1897 leonem
443 1864 474 1896 ne
489 1848 580 1896 nutriat
595 1846 640 1896 hac
655 1847 751 1915 aliquis,

200 1918 277 1981 Quod
293 1919 313 1967 si
328 1919 450 1978 nutrieris,
467 1918 513 1968 sibi
529 1919 645 1968 convenit
660 1930 687 1967 ut
702 1918 834 1979 famuleris,
910 1921 912 1925 ⁴

249 1990 273 2039 Si
289 1990 353 2039 vires
368 1989 462 2050 foveas,
478 1990 606 2057 experieris
623 2006 679 2050 eas;

199 2062 270 2110 Acris
286 2074 314 2111 ut
329 2062 422 2128 ingenii
437 2063 537 2111 iuvenes
554 2062 697 2129 generisque
714 2061 812 2128 superbi

247 2131 403 2183 infrenentur
413 2134 419 2182 i
429 2151 443 2182 »
459 2134 502 2191 ait,
517 2132 673 2183 assimilando
689 2132 781 2183 feram:

202 2205 250 2254 «Si
266 2205 324 2254 sinis
341 2204 440 2255 effrenes
455 2205 526 2271 piger
540 2205 597 2254 illos
612 2203 731 2271 prendere
746 2221 835 2264 mores,

248 2277 298 2326 Vix
312 2276 396 2326 animo
411 2276 485 2342 rigidi
500 2277 549 2326 iam
563 2287 680 2342 poterunt
696 2275 805 2325 subici».

201 2348 318 2411 Quidam,
333 2346 397 2397 iacta
412 2348 472 2397 deos
488 2348 618 2397 hominum
634 2347 654 2396 si
669 2346 752 2396 fallere
767 2347 871 2414 possint,

248 2420 318 2469 Dum
333 2419 434 2486 quaerit,
451 2419 544 2487 sapiens
560 2418 643 2468 intulit
657 2419 702 2467 ista
719 2418 825 2469 Thales:

95 2510 127 2545 115
201 2491 294 2540 «Dum
306 2491 375 2557 quod
385 2502 466 2541 mente
477 2503 544 2540 tenes
562 2490 661 2540 videant
673 2490 816 2540 intrinsecus
828 2507 911 2550 omne,

250 2563 333 2612 Multo
349 2563 449 2612 liberius
464 2563 547 2611 omnia
562 2562 625 2611 facta
640 2574 682 2611 tua
691 2579 713 2610 »ε

164 2731 184 2763 88
196 2728 301 2764 aristotiles:
313 2728 327 2762 ti
337 2736 415 2773 suprascr.
