2068 3216
180 149 229 192 214
260 220 295 252 on
310 220 517 254 Mruounurmsus
533 205 599 253 VHl.
620 203 756 252 16-V111.
774 219 804 265 ¹17
832 255 833 258 Ἴ

228 347 292 396 Cum
306 358 392 396 natum
407 347 499 413 genuit,
515 346 578 395 fama
595 345 710 395 Metinno
724 358 804 396 vocat.
854 341 858 357 ⁵

179 418 285 484 Gorgias
302 435 404 485 magnus
420 418 468 467 fuit
483 418 607 467 Ysocratis
623 418 775 484 pedagogus,

226 491 313 540 Annos
330 491 373 555 qui
388 490 465 539 denos
480 491 572 538 vixerat
587 489 715 549 undeties;

178 561 269 611 Vivere
285 572 335 609 tam
349 562 426 628 longo
443 577 486 610 cur
501 561 575 610 vellet
591 573 708 628 tempore,
725 568 851 627 quaerunt,

228 635 311 684 «Non
327 650 414 682 accuso
431 649 544 693 meum»,
561 633 630 691 dixit,
650 651 662 681 «
671 632 750 681 adhuc
766 634 876 683 senium:

179 706 292 771 Namque
301 704 387 770 vigent
397 706 423 753 in
433 721 472 753 me
481 716 548 771 patet
558 716 585 753 ut
595 721 660 753 nunc
671 704 736 753 dona
746 704 865 764 iuventae,

227 776 343 825 Perdurat
359 776 474 825 membris
490 777 566 843 gratia
580 776 659 843 prima
675 777 767 824 meis».

177 848 233 897 Indi
249 849 349 897 vicenos
366 859 536 897 consummant
552 848 627 914 sexies
644 865 728 907 annos,

227 919 368 969 Herodotus
385 921 426 979 ait,
441 919 576 987 Aethiopes
593 919 704 968 totidem.

178 992 230 1040 Rex
244 991 400 1057 octingentos
416 992 559 1040 Lamiorum
573 990 673 1040 conficit
688 1007 773 1049 annos,

226 1063 294 1112 Vixit
310 1075 434 1112 sexcentos
450 1062 515 1111 illius
531 1074 555 1112 et
571 1063 676 1129 genitor„
886 1073 898 1108 f.
912 1085 946 1117 90v

329 1251 373 1294 DE
389 1250 577 1295 CUPIDITATE
592 1250 732 1294 GLORIAE

515 1401 542 1446 17

178 1491 278 1558 Effigies
295 1492 369 1540 Ennii
384 1492 542 1558 componitur
556 1491 582 1539 in
598 1491 765 1539 monumentis

227 1564 281 1622 His,
298 1563 410 1612 Cornelia
426 1563 480 1628 quis
496 1563 558 1611 clara
574 1561 651 1611 tribus
667 1562 748 1621 iacuit,

179 1636 254 1685 Gesta
269 1645 342 1701 poeta
358 1652 403 1683 suo
420 1633 547 1700 descripsit
562 1634 667 1682 carmine
682 1634 768 1683 cuius:

228 1706 309 1773 Scipio
325 1707 418 1773 primus
435 1721 488 1754 eam
502 1706 574 1771 ponit
590 1704 624 1753 ibi
641 1716 760 1765 statuam;

178 1778 281 1828 Meonio
297 1776 430 1843 magis‘illa
445 1776 523 1826 tribus
539 1776 681 1842 dignissima
697 1787 775 1825 metro

227 1851 309 1913 Quam
323 1849 396 1898 nimis
412 1849 469 1897 exili
485 1849 590 1897 carmine
605 1865 650 1896 nec
665 1848 770 1906 celcbri;

178 1922 265 1973 Gloria
280 1921 359 1969 maior
374 1921 397 1969 ei
412 1921 460 1969 iam
476 1920 587 1981 subditus
603 1918 701 1974 Asticus
717 1919 792 1979 orbis,

227 1992 328 2044 Subdita
344 1992 460 2041 Romanis
477 1989 562 2041 Gretia
577 2008 634 2039 cum
649 1991 718 2044 Sitia.

178 2065 237 2114 Eius
253 2063 361 2112 amicicia
377 2063 512 2123 devinctus,
528 2062 638 2112 versibus
653 2063 724 2112 Accii

226 2135 387 2201 Templorum
402 2136 491 2183 Brutus
506 2145 633 2202 praenotat
648 2134 771 2193 introitus,

177 2208 217 2257 De
233 2207 317 2273 spoliis
333 2206 396 2255 caesi
412 2222 473 2272 quae
488 2207 592 2255 maxima
607 2205 696 2255 fecerat
711 2206 796 2254 hostis.

225 2281 279 2329 Nec
294 2278 425 2344 Pompeius
441 2278 467 2325 in
482 2277 530 2327 hoc
546 2278 625 2327 extitit
640 2277 757 2326 inferior:

177 2352 226 2400 Hic
242 2349 404 2408 Mitileneum,
421 2366 463 2397 sua
479 2350 522 2414 qui
538 2350 640 2417 scripsit,
658 2348 833 2415 Theophanem

226 2421 358 2471 Munificus
375 2437 463 2486 magna
479 2433 590 2470 munerat
605 2420 665 2470 urbe
682 2420 744 2469 data.

178 2494 243 2543 Hinc
259 2492 376 2559 cupidum
390 2491 468 2541 laudis
485 2493 568 2542 Siliam
583 2492 672 2541 vixisse
688 2491 800 2545 notabis:

225 2565 322 2614 Anulus
338 2563 484 2629 insculptam
498 2564 666 2630 proditionem
681 2563 773 2622 habuit,

179 2637 261 2700 Quam
275 2636 334 2685 fecit
349 2634 446 2684 Bochus
463 2634 543 2684 Mario
559 2634 678 2684 tradendo
693 2634 838 2700 Iugurtham

225 2710 270 2757 Per
286 2707 376 2766 Sillam,
394 2707 436 2771 qui
452 2718 510 2756 tunc
526 2719 626 2774 quesror
642 2718 692 2756 erat
707 2705 781 2755 Marii
790 2724 797 2766 ;
