2068 3216
787 138 795 168 1
804 139 813 169 1
820 137 831 182 3

225 207 259 240 un
274 192 528 241 MnuouassmuusV.
547 206 619 239 uuor.
636 220 653 226 -
669 192 700 240 V.
721 209 730 239 1

324 834 493 877 oxoniarum
511 833 624 890 Quum

122 981 249 1044 Humanos
265 979 326 1046 legis
342 979 383 1028 hic
398 979 502 1047 aliquos,
519 978 577 1029 hinc
592 980 682 1045 collige
698 980 798 1040 multos,

171 1052 209 1101 Sic
224 1069 270 1117 age
286 1052 316 1100 de
332 1051 431 1116 reliquis
449 1067 511 1117 quos
527 1051 563 1100 ibi
578 1052 729 1119 reppereris:

122 1124 171 1171 Hic
185 1123 246 1188 legis
262 1124 371 1189 ingratos
387 1123 491 1189 aliquos,
508 1121 548 1171 hic
564 1123 670 1190 denique
686 1134 777 1189 gratos,

170 1196 219 1244 Hic
235 1195 430 1259 consanguineos
448 1195 491 1261 qui
507 1194 605 1243 coluere
621 1211 688 1255 suos,

121 1265 234 1316 Dilexere
251 1284 308 1315 suos
325 1266 368 1332 qui
383 1277 438 1315 toto
454 1278 554 1331 pectore
569 1277 648 1325 natos,

171 1337 222 1401 Qui
238 1337 293 1387 duri
308 1338 370 1386 natis
387 1337 490 1404 amplius
507 1338 637 1396 extiterint,

123 1409 174 1472 Qui
189 1425 271 1458 rexere
287 1425 345 1458 suos
361 1426 441 1476 aequo
456 1408 624 1458 moderamine
639 1420 719 1469 natos,

170 1480 265 1530 Mortes
281 1491 397 1529 natorum
412 1480 455 1546 qui
470 1480 549 1530 levius
565 1480 678 1530 tulerint:

123 1552 193 1615 Quae
207 1551 294 1601 fatiens
311 1568 431 1600 memores
448 1552 518 1611 ditas,
535 1552 647 1601 Polinnia
662 1563 738 1611 vates,

170 1625 226 1672 Huc
241 1623 298 1672 ades
314 1640 328 1671 a
344 1623 413 1672 celsis
430 1623 556 1672 montibus
572 1624 669 1673 Aoniis.

122 1943 212 1986 LIBER
227 1944 249 1987 V
562 1943 606 1985 DE
622 1942 835 1986 HUMANITATE

469 2071 479 2102 1

123 2197 261 2264 Conscripti
275 2208 355 2264 patres
374 2198 462 2246 missos
482 2196 690 2262 Carthaginienses

171 2268 285 2317 Tractant
301 2268 431 2317 clementer
447 2268 631 2337 suscipiuntque
647 2283 739 2335 preces,

124 2341 229 2389 Solvunt
245 2341 355 2407 captivos
372 2339 422 2389 duo
439 2341 506 2389 milia
523 2340 690 2407 septingentos

171 2410 282 2460 Audaces
299 2411 382 2460 animo
398 2426 502 2478 corpore
517 2410 682 2477 praevalidos:

122 2483 262 2531 Attulerant
277 2484 385 2550 pretium
400 2483 443 2532 sed
459 2484 533 2549 gratis
550 2499 592 2531 eos
609 2482 656 2531 sibi
672 2482 785 2542 reddunt,
863 2506 870 2536 5

173 2553 313 2603 Gaudentes
329 2555 433 2621 patriam
449 2556 492 2620 qui
507 2554 603 2622 peciere
619 2570 704 2614 suam;

125 2626 160 2674 Sit
167 2625 256 2692 quibus
262 2626 393 2685 indultum,
402 2625 491 2692 quibus
497 2643 536 2674 aes
544 2636 595 2673 tam
602 2625 693 2691 grande
699 2626 837 2682 remissum,

172 2697 284 2764 Perspice
300 2713 374 2762 quarn
390 2697 481 2746 multus
497 2697 576 2746 hostis
592 2709 711 2764 atroxque
727 2697 805 2747 datus.
