2068 3216
857 163 867 193 Ι

368 228 504 264 MIRACULA
520 229 538 263 S.
556 227 696 263 BENEDICTI
836 160 853 205 4
874 163 888 208 7

179 358 240 406 Mox
256 357 388 407 elefantino
403 373 474 424 prece
489 356 544 406 fusa
558 356 654 423 perdite
670 356 759 405 morbo

228 430 335 489 Servule‚
351 429 441 478 curaris
458 439 482 478 et
497 439 553 477 cute
568 427 671 496 pulcher
685 426 754 488 abis;

179 502 259 549 Verna
275 501 311 549 tui
326 500 382 560 fuit,
398 500 502 567 Aproni,
517 515 579 566 puer
594 499 635 548 hic
651 499 777 566 genitoris,

227 573 300 621 Hunc
315 571 407 622 vidisse
422 572 470 621 tuis
487 572 539 637 ipse
554 569 629 620 refers
645 570 732 621 oculis.

179 642 291 693 Creditor
306 644 411 710 exagitat
427 643 557 709 quendam,
573 654 668 710 patrem
684 642 726 692 sed
742 642 783 691 hic
799 654 860 703 orat,
892 657 923 697 τες

227 716 274 765 Cui
290 732 355 765 sacer
372 716 478 764 insinuat
493 726 551 781 post
567 714 672 764 biduum
686 715 785 774 veniat;

180 787 241 836 Ecce
257 787 398 838 monasterii
414 802 486 853 super
501 785 599 837 archam
613 803 685 837 mane
700 787 790 853 reperti

228 858 298 921 Quos
315 858 409 924 quaerit
425 858 499 908 solidi
515 870 579 918 sunt,
595 857 663 907 iubet
678 857 724 907 hos
740 858 824 907 tribui.

179 928 249 978 Alter
263 930 380 996 pestifero
396 941 496 996 potatur
511 929 541 979 ab
557 930 629 979 hoste
644 946 750 989 venene,

227 1001 280 1050 Nec
296 1013 377 1052 tamen
393 1002 433 1051 hic
449 1002 561 1061 moritur,
578 1002 621 1051 sed
636 1012 692 1050 cute
707 1000 735 1050 fit
750 1002 850 1061 varius;
890 1028 892 1031 ·

179 1073 270 1122 Amisit
285 1083 382 1140 turpem
397 1073 509 1140 precibus
525 1073 600 1139 patris
616 1073 795 1132 istercolorem

228 1143 326 1194 Exultat
340 1144 422 1194 foedis
439 1144 508 1211 quod
523 1156 600 1194 careat
616 1144 725 1194 maculis.

181 1216 278 1265 Caetera
294 1217 397 1266 diversis
413 1216 512 1266 dederat
526 1228 595 1283 pater
609 1216 688 1265 almus
704 1217 796 1282 egenis,

228 1287 332 1339 Cuidam
347 1288 388 1338 dat
403 1287 492 1355 liquidi
508 1288 576 1354 quod
592 1300 701 1355 superest
717 1287 782 1347 olei;

180 1359 268 1408 Custos
285 1360 428 1420 dissimulat,
444 1359 512 1409 iubet
527 1359 569 1409 ille
584 1359 630 1409 iaci
645 1359 751 1409 vitreum
767 1376 818 1419 vas,

230 1431 288 1480 Saxa
304 1432 373 1498 quod
387 1432 485 1482 illesum
499 1431 589 1480 labitur
603 1432 630 1480 in
645 1430 731 1497 rigida.

180 1502 255 1550 Dolia
269 1504 400 1570 perspicuo
415 1503 528 1569 precibus
544 1502 668 1569 replentur
684 1502 761 1562 oliv0‚

229 1573 351 1641 Plenaque
367 1574 503 1624 redduntur
519 1592 581 1641 quae
596 1574 693 1624 fuerant
708 1591 801 1634 vacua3

181 1645 304 1712 increpuit
318 1646 418 1697 fratrem
433 1663 485 1695 non
500 1664 560 1695 mox
575 1646 689 1695 tribuisse
704 1645 834 1715 liquorem,

228 1716 363 1768 Ammonet
378 1729 407 1767 ut
422 1718 541 1785 grandem
556 1718 632 1767 discat
647 1718 735 1767 habere
751 1716 833 1766 fidem.

181 1789 210 1835 In
225 1789 305 1854 specie
320 1789 411 1839 medici
426 1789 474 1839 sibi
488 1788 596 1856 perfidus
612 1789 698 1839 obviat
712 1789 799 1848 hostis,

228 1860 319 1926 Inquit,
336 1861 485 1928 «discipulis
501 1861 590 1928 pocula
604 1873 678 1928 porto
693 1861 742 1910 tuis
751 1878 784 1920 »3

181 1930 281 1981 Dixerat
297 1944 321 1981 et
336 1932 437 1983 fratrem
452 1933 556 1982 vexabat
570 1944 641 1982 atrox
656 1932 785 1991 seniorem,

230 2003 277 2053 Sed
293 2020 359 2053 sacer
373 2005 464 2053 inflicta
480 2004 575 2070 depulit
591 2005 657 2053 hunc
671 2004 748 2069 alapa.

182 2073 248 2123 Zalla
263 2075 323 2141 ligat
339 2076 406 2126 duris
422 2077 534 2143 pagensis
551 2076 656 2125 brachia.
665 2076 740 2125 loris:

230 2164 244 2194 t<
254 2148 334 2196 Huius
350 2163 388 2197 res
397 2148 505 2197 hominis
515 2166 538 2208 >›,
548 2160 671 2214 personat,
681 2147 770 2206 «affer,
786 2146 859 2205 abi»,

183 2218 262 2268 Solvit
277 2235 410 2269 conversus
427 2236 488 2287 quae
503 2220 555 2269 lora
571 2232 639 2286 pater
654 2219 705 2268 cito
721 2219 785 2277 uisu,

230 2290 337 2340 Territus
353 2290 411 2340 hinc
428 2292 496 2355 Zalla
512 2303 598 2340 stratus
614 2291 684 2340 humi
699 2290 805 2339 recubat.

182 2363 294 2411 Rusticus
311 2363 412 2412 extincti
427 2363 538 2430 lugubris
554 2363 639 2412 funere
654 2362 713 2421 nati,

231 2434 348 2485 «Natum
363 2435 437 2485 redde
447 2435 515 2484 ¹mihi
523 2453 546 2494 a,
558 2436 652 2494 clamat,
670 2433 786 2492 «adesto,
803 2432 929 2482 venibam

183 2505 259 2567 Quod
274 2506 356 2573 primo
372 2506 471 2572 refugit,
487 2507 564 2573 pietas
581 2506 623 2555 sed
638 2506 731 2554 viscera
747 2505 835 2563 movit,

230 2578 262 2625 Et
278 2577 369 2627 virture
384 2594 485 2645 precum
500 2578 609 2626 vivificat
624 2593 736 2644 puerum.

146 2699 176 2730 182
188 2694 258 2739 (ab).(is)
270 2707 302 2730 ras.
352 2696 382 2740 196
394 2708 433 2731 saxa
446 2696 495 2741 quod
505 2696 575 2731 illesum
584 2695 648 2730 labitur
657 2697 674 2731 in
684 2707 716 2729 ras.
766 2698 797 2738 198
808 2693 894 2739 plenaque

39 2746 41 2749 ⁴
109 2742 205 2778 redduntur
215 2745 231 2777 in
242 2754 274 2778 ras.
323 2755 354 2778 202
368 2743 464 2789 (po).(cula)
478 2756 511 2778 ras.
