2068 3216
209 141 256 198 318
459 223 578 257 nmmum
603 210 663 258 VIII

207 352 252 400 Est
268 352 318 399 clar
338 389 846 403 ....................

254 422 348 471 Indicat
364 434 388 471 et
404 434 511 471 mentem
522 461 765 475 ..........

206 494 326 545 Redditur
341 506 370 543 ut
389 490 407 543 .’
416 533 633 545 .........
652 496 775 563 conspicie
793 535 798 546 .
819 535 824 546 .

255 565 340 615 Cernit
362 605 368 616 .
389 605 394 615 .
416 605 421 616 .
449 567 525 615 molle
548 605 792 618 ..........

207 640 257 689 Cur
272 637 354 687 imiter
369 654 439 687 more
470 676 818 689 ..............
851 671 852 675 =

255 710 358 772 Quaeris
374 726 480 776 namque
491 710 564 759 novis
599 748 841 762 ..........

207 783 266 845 Quo
282 781 310 831 fit
330 819 837 833 ....................

254 853 307 902 Aut
319 854 369 902 coll
381 891 778 905 ................

206 924 319 975 Debetur
337 962 581 975 ..........
581 953 583 955 ·
602 963 792 976 ........

256 996 376 1046 Carminis
390 1034 789 1047 ................

207 1069 274 1117 Hinc
289 1068 320 1117 ad
339 1105 849 1119 ....................

254 1139 353 1206 Integra
369 1156 495 1190 servarum
514 1178 519 1190 .
540 1179 545 1189 .
566 1178 571 1189 .
593 1178 598 1188 .
618 1157 669 1207 quo
687 1140 742 1189 data
761 1180 766 1190 .
788 1180 793 1191 .

208 1211 322 1261 Succidui
337 1212 409 1262 nobis
424 1212 516 1279 liquere
531 1223 587 1261 tene
618 1250 754 1262 ......

256 1282 393 1351 Tempnere
408 1300 475 1333 nunc
489 1284 571 1350 primo
589 1322 832 1334 ..........

207 1355 248 1404 At
257 1354 277 1403 si
292 1356 446 1423 contempnis
462 1355 567 1421 reliquas
584 1367 754 1422 contempne
826 1395 831 1406 .
851 1357 883 1405 ris

255 1428 334 1493 Leges
350 1444 410 1495 quas
426 1427 510 1478 metris
526 1427 641 1478 omnibus
656 1427 790 1494 insequeris

208 1500 276 1564 Ergo
291 1500 369 1565 magis
384 1511 464 1567 partes
480 1498 584 1549 observa
599 1498 711 1550 carminis
731 1537 736 1548 .
757 1537 762 1548 .
784 1537 789 1548 .
810 1537 816 1548 .

256 1570 361 1636 Scriptas
382 1588 397 1619 a
418 1570 525 1621 metricis
550 1587 609 1639 quas
630 1571 691 1637 legis
713 1588 789 1620 esse.
811 1609 816 1620 .
837 1609 842 1620 .

208 1642 247 1691 Tu
267 1680 272 1691 .
292 1642 344 1691 sine
359 1643 460 1693 nomine
472 1653 529 1691 sunt
544 1654 671 1710 praecepta
682 1641 728 1691 tibi
743 1659 760 1690 n
780 1681 784 1692 .
806 1681 811 1692 .
832 1681 837 1691 .
859 1681 864 1693 .
885 1681 890 1692 .
911 1681 917 1703 ‚

255 1715 320 1763 Nata
335 1715 412 1764 modo
428 1713 515 1780 recipis
531 1714 628 1783 iamque
648 1713 751 1781 probata
776 1752 781 1763 .
803 1752 808 1763 .
829 1753 834 1763 .

208 1787 224 1835 S
243 1823 248 1835 .
270 1823 275 1834 .
296 1824 301 1834 .
323 1823 328 1834 .
347 1787 388 1835 vel
396 1786 557 1835 multumtria
565 1786 603 1835 bis
612 1786 655 1854 qui
664 1785 749 1835 distica
758 1784 866 1835 scribunt
918 1795 989 1841 t133v

257 1895 421 1908 .......
440 1856 521 1906 modis
536 1857 578 1907 illa
593 1858 649 1906 satis
665 1856 750 1906 nitidis

208 1930 228 1979 C
247 1966 385 1978 ......
404 1928 499 1995 magnis
516 1928 666 1979 honerosum
680 1944 733 1977 non
747 1928 774 1977 fo
794 1967 799 1978 .
821 1967 825 1978 .
847 1929 911 1996 ,ptis

258 2038 499 2050 ..........
518 2002 561 2068 qui
577 2016 651 2067 grave
666 2012 744 2067 gestat
759 1999 839 2049 honus

208 2073 237 2121 M
256 2110 552 2122 ............
571 2089 596 2121 es
613 2073 633 2121 si
647 2071 712 2121 forte
726 2071 837 2121 libellum

257 2182 502 2194 ..........
520 2143 605 2192 forsan
620 2143 693 2193 habet
708 2160 798 2193 vacuae

208 2217 226 2265 P
246 2253 597 2265 ..............
615 2214 692 2264 nichil
711 2253 716 2264 .
737 2253 742 2264 .
763 2253 768 2264 .
790 2216 862 2265 .elat

258 2325 449 2337 ........
467 2303 493 2335 as
508 2288 587 2353 pascit
602 2304 633 2336 eo
648 2287 699 2335 tine
719 2325 724 2336 .
746 2325 751 2336 .

209 2361 250 2423 Qu
270 2397 515 2409 ..........
533 2359 582 2407 iam
596 2359 675 2424 longo
690 2369 801 2425 tempore
816 2358 882 2407 theta
958 2403 959 2407 ,

258 2468 527 2480 ...........
545 2469 553 2484 ,,
575 2468 580 2479 .
601 2469 606 2479 .
625 2441 780 2498 reppererant

208 2503 232 2552 A
251 2539 652 2551 ................
675 2516 717 2549 ore
733 2501 834 2568 supinus

258 2611 609 2623 ..............
629 2590 690 2640 quae
705 2572 812 2621 tenebris

209 2648 237 2695 M
254 2683 487 2695 ..........
507 2660 619 2710 super..
635 2684 639 2693 .
660 2656 791 2693 stercorem
811 2643 918 2693 fundunt

259 2756 423 2767 .......
442 2734 757 2781 ugo..........
