2068 3216
305 201 339 234 Da
355 200 562 234 Multounmuiuus
578 187 621 235 IV,
642 204 650 233 1
682 208 684 214 s

123 327 236 376 Frenavit
252 328 316 376 vires
334 345 414 378 saevas
431 327 582 378 removendo
599 345 702 388 secures,

173 399 314 448 Conventus
330 400 418 467 populi
435 400 549 449 sustinuit
564 400 625 460 fieri,

125 470 233 536 Sumpsit
248 471 380 520 Lueecium
396 472 523 537 collegam,
540 471 653 537 praetulit
668 472 750 538 ipsum

174 542 250 605 Quod
266 553 324 591 natu
341 543 419 592 maior
434 554 458 592 at
474 539 538 592 foret
554 543 605 609 ipse
621 543 719 602 min0r;

124 614 211 663 Civem
227 615 367 663 Romanum
383 614 498 682 dampnet
514 631 565 682 quo
581 631 656 663 nemo
670 626 802 682 potentum

173 685 314 744 Constituit,
331 685 378 735 nisi
395 702 468 753 quem
483 686 521 734 lex
537 698 597 735 stata
612 686 735 752 punierit;
871 688 872 692 ’

126 757 206 805 Aedes
222 774 282 806 vero
299 774 355 806 suae
371 758 470 807 sublimi
486 758 548 807 colle
563 758 662 818 locatae,

172 830 250 878 Instar
266 841 333 878 erant
349 830 418 889 arcis,
434 830 476 878 lras
494 845 593 895 quoque
609 830 772 889 comminuit;

124 900 215 949 Reddit
230 901 265 949 sic
280 901 367 949 urbem
382 901 548 955 moderamine
563 901 710 960 liberiorem,
833 911 846 947 f.
859 923 892 955 w

173 972 324 1038 Tranquillat
340 972 429 1021 durum
445 973 552 1021 consulis
567 973 705 1039 imperium.

125 1043 212 1092 Exulat
228 1044 329 1093 emissus
346 1061 397 1092 non
412 1044 511 1110 longius
527 1043 587 1093 urbe
604 1044 728 1103 Camillus,

153 1143 154 1146 =
172 1115 253 1164 Ardea
268 1116 352 1164 vicino
369 1132 443 1182 quem
457 1126 524 1164 tenet
539 1116 630 1175 exilio,

124 1188 240 1254 Caeperat
255 1187 295 1236 hic
311 1188 395 1246 VeioS,
412 1199 449 1236 cat
464 1186 580 1236 adversus
597 1187 673 1236 modo
690 1186 776 1236 Gallos

173 1260 280 1307 Exorant
295 1271 375 1325 patres
392 1276 449 1307 cum
465 1259 550 1326 spoliis
567 1258 683 1317 reduces;
700 1287 702 1290 v

124 1330 170 1379 Cui
187 1331 318 1379 dictaturae
334 1331 444 1397 precium
459 1330 563 1379 sublime
578 1330 673 1389 dedere,

172 1403 225 1452 Nec
241 1402 287 1450 nisi
304 1402 407 1450 sollenni
424 1419 518 1451 sumere
534 1418 603 1450 more
618 1403 691 1460 tulit;

124 1473 225 1523 Civibus
241 1474 341 1540 ingratis
357 1490 408 1522 non
425 1473 518 1522 distulit
534 1473 650 1533 auxiliari,

173 1546 258 1594 Gallos
275 1546 366 1594 delevit
381 1546 502 1595 inmemor
517 1545 653 1611 obprobrii.

125 1618 217 1666 Censor
233 1617 339 1666 Rutilius
355 1617 433 1665 fuerat
449 1633 583 1684 censorque
599 1629 700 1675 creatur,

173 1689 286 1738 Protinus
302 1690 328 1737 in
344 1701 439 1737 caetum
455 1700 575 1738 convocat
591 1687 631 1737 hic
646 1687 775 1756 populum,

123 1761 212 1810 Acrius
228 1760 342 1826 obiurgat
359 1761 415 1826 quia
432 1760 468 1809 bis
484 1760 521 1809 ius
538 1760 586 1808 hoc
603 1759 649 1809 sibi
664 1758 749 1817 tradat,

174 1832 250 1894 Quod
266 1832 336 1881 datur
352 1832 455 1881 emerito
470 1844 580 1896 tempore
596 1832 639 1879 vix
654 1830 761 1888 modico,

124 1905 237 1969 Namque
254 1904 388 1969 superbiret
404 1920 434 1951 ne
451 1903 514 1970 quis,
530 1903 568 1951 lex
584 1904 672 1969 scripta
688 1902 805 1959 cohertet,

172 1975 211 2024 Ne
228 1976 282 2040 quis
298 1975 364 2024 idem
379 1974 489 2023 officium
505 1974 620 2023 continue
636 1985 746 2039 gereret;

124 2046 210 2095 Rutilii
226 2047 317 2095 meritis
333 2046 401 2113 plebs
417 2047 498 2111 legem
513 2045 610 2094 credula
625 2046 718 2103 transit,

172 2118 278 2166 Rutilius
295 2130 369 2167 certat
384 2118 423 2166 lex
439 2129 498 2167 stata
514 2134 545 2166 ne
560 2128 649 2182 pereat.

125 2190 188 2238 Cum
204 2190 347 2239 Cincinnato
363 2189 431 2257 plebs
448 2189 600 2238 continuaret
616 2189 744 2246 honorem,

172 2263 238 2310 Nam
253 2273 311 2309 tunc
327 2260 415 2319 consul
430 2273 488 2319 erat,
504 2261 541 2309 ius
558 2271 673 2308 temerare
689 2270 763 2317 vetat,

125 2334 273 2382 Continuare
289 2350 346 2381 suos
363 2332 496 2399 temptabat
512 2343 535 2381 et
551 2332 602 2398 ipsa
618 2330 746 2390 tribunos,

173 2405 220 2453 Sed
236 2416 350 2452 neutrum
365 2403 417 2452 fieri
433 2404 472 2452 vir
487 2404 567 2469 gravis
583 2403 624 2451 ille
641 2402 705 2451 sinit.

123 2477 193 2524 Dum
208 2476 276 2524 Fabii
292 2488 350 2524 nato
367 2477 422 2523 satis
438 2475 487 2523 acri
503 2475 577 2523 vellet
593 2473 688 2540 ephebo

172 2547 242 2596 Plebs
260 2547 315 2595 dare
332 2563 473 2614 supremum
489 2546 596 2595 consulis
612 2546 750 2612 imperium,

87 2725 106 2748 21
120 2713 226 2757 (prndium)
237 2715 253 2747 in
264 2724 295 2748 ras.
345 2712 366 2747 26
377 2720 446 2747 caetum
456 2727 474 2740 =
482 2720 558 2746 coetum.
