2068 3216
299 231 334 264 DE
349 229 561 264 Maurouauuruus
572 216 615 264 ΠΙ.
634 234 648 278 7

168 358 227 406 Sum
242 357 412 423 locupletatus·
421 356 464 405 sed
479 357 556 422 magis
573 358 666 407 invidia
674 375 706 418 »3

118 429 196 477 Tanta
210 428 318 495 placatus
335 445 394 477 mox
409 440 446 477 est
461 429 555 477 ratione
571 431 675 489 senatus,

166 499 296 567 Approbat
312 511 336 548 et
352 500 435 566 magni
450 499 524 549 fortia
540 500 604 549 dicta
619 501 675 550 viri.

117 571 213 621 Neuius
226 571 257 620 ad
270 572 399 638 populum,
413 571 490 639 plebis
503 572 551 621 fuit
563 572 604 621 ille
617 572 738 633 tribunus,

166 643 212 693 Illi*
221 643 331 692 condixit
347 643 520 692 constituendo
537 644 617 702 diem:

117 715 162 764 Ille
178 715 218 765 die
234 714 301 764 dicto
318 715 435 764 comitatu
451 732 509 764 cum
524 731 644 781 generoso

166 786 245 836 Affuit
260 799 333 855 atque
348 785 398 835 fori
414 797 491 835 rostra
507 787 571 835 celer
587 787 677 847 subiit;

117 858 178 908 Inde
193 858 336 925 triumphali
352 858 479 907 redimitus
494 869 605 925 tempora
620 860 697 919 lauro,

166 929 310 990 Proclamat,
331 930 428 990 «votis,
445 930 514 989 civis,
530 931 615 979 adesto
631 931 707 979 meis!

119 1002 175 1050 Hoc
192 1001 314 1068 Carthago
331 1001 372 1050 die
387 1003 509 1050 Romanas
526 1002 623 1067 cogitur
639 1019 653 1050 a
668 1018 708 1051 me

167 1073 245 1139 Leges
261 1090 350 1139 magna
365 1088 451 1140 parans
468 1072 565 1121 subdita
581 1074 710 1139 suscipere,

119 1145 195 1210 Ergo,
211 1145 267 1204 viri,
284 1145 379 1211 magnis
395 1156 478 1211 grates
491 1145 608 1193 exsolvite
625 1145 704 1194 divisi

168 1217 207 1265 En
224 1216 376 1283 Capitolinos
392 1216 471 1283 placo,
487 1216 577 1276 venite,
594 1216 654 1265 deos
664 1218 694 1266 »l

119 1288 192 1337 Miles
209 1304 283 1355 eques
300 1288 409 1355 sequitur
424 1288 531 1354 populus
549 1288 591 1336 sed
607 1300 631 1336 et
646 1288 698 1355 ipse
715 1300 818 1346 senatus,

168 1358 283 1409 Nudatur
298 1360 393 1427 populo
410 1359 505 1408 Nevius
522 1359 574 1425 ipse
590 1376 653 1419 suo;

118 1431 179 1480 Ilico
195 1430 331 1479 ludibrium
346 1432 425 1480 vitans
441 1431 644 1496 ignominiosum,

167 1503 326 1570 Prosequitur
341 1519 460 1568 magnum
475 1519 527 1551 non
543 1504 594 1551 sine
609 1502 666 1551 felle
681 1503 770 1551 virum.

119 1574 254 1623 Emilianus
272 1574 322 1623 dux
337 1575 412 1623 muris
429 1574 558 1622 incluserat
574 1575 664 1633 hostes,

167 1646 192 1695 A
208 1646 262 1712 quis
279 1657 355 1694 castra
371 1645 423 1712 rapi
440 1646 561 1695 centuriae
577 1657 696 1705 metuunt,

118 1718 218 1766 Ferreus
235 1728 263 1766 ut
279 1733 365 1765 murex
380 1728 507 1783 spargatur
521 1717 642 1784 plurimus
658 1717 746 1766 urbem

168 1789 329 1838 Constituunt
345 1789 415 1848 circa,
432 1803 525 1855 perque
540 1788 679 1856 propinqua
694 1788 757 1837 vada

119 1860 257 1909 Plumbatas
274 1860 361 1909 iaciant
376 1860 470 1909 tabulas
487 1860 610 1927 clavisque
625 1871 730 1918 verutas,

166 1933 226 1981 Dux
241 1932 333 1998 refugit
349 1931 437 1980 timido
454 1931 551 1980 credere
567 1931 687 1981 consilio:

119 2004 206 2066 «Quos
212 2019 302 2063 arces»
309 2004 397 2070 inquit,
406 2019 555 2068 «numquam
561 2003 735 2069 comprendere
742 2001 830 2067 quibis,
843 2012 855 2048 f.
869 2024 903 2057 μγ

167 2075 311 2142 Propulsare
327 2074 391 2124 dolis
408 2075 487 2140 gloria
502 2075 569 2123 nulla
584 2073 630 2123 tibi
639 2092 661 2123 ».

118 2146 239 2195 Afrorum
254 2158 345 2195 turmas
362 2147 454 2195 delerat
470 2146 520 2194 dux
530 2146 656 2204 Salinator,

167 2219 206 2267 Ex
220 2219 272 2267 acie
288 2218 355 2267 Galli
369 2218 413 2267 vix
428 2217 533 2266 resident
548 2218 632 2284 aliqui,

118 2290 168 2339 Vix
183 2289 286 2355 Ligures
302 2290 390 2357 pauci;
406 2290 513 2355 palantes
530 2289 575 2337 hos
593 2289 643 2337 sine
660 2288 736 2354 signis

168 2362 200 2409 Et
217 2362 269 2410 sine
283 2361 406 2428 praesidio
423 2376 482 2409 mox
496 2361 562 2409 valet
578 2360 732 2427 opprimere:

120 2432 211 2481 «Parci
228 2433 300 2482 debet
317 2432 383 2492 eis»,
400 2432 489 2499 inquit,
506 2449 521 2479 <r
529 2449 560 2480 ne
576 2432 676 2480 nuntius
692 2431 755 2479 absit

168 2504 221 2567 Qui
237 2516 316 2553 tantae
332 2503 407 2552 cladis
424 2503 528 2569 dampna
543 2503 604 2552 ferat
620 2503 720 2568 reliquis
730 2520 751 2550 a.

119 2575 229 2644 Eloquio
246 2577 323 2624 clarus
341 2575 427 2624 Gallos
443 2592 457 2623 a
473 2575 574 2623 consule
590 2575 689 2623 Crassus

80 2741 101 2785 (η
113 2741 182 2776 classus.
