2068 3216
180 148 233 193 254

467 220 585 254 austum
602 207 612 254 Ι

185 347 208 395 Si
225 359 318 413 retegas
336 348 424 396 Graios
441 363 521 396 arcem
537 348 583 396 sibi
598 349 778 416 praeripientes,

232 419 334 468 Artibus
350 419 376 467 in
392 419 473 484 quinis
490 430 528 467 tot
544 435 670 468 numerare
685 421 759 480 vales,

182 490 296 539 Autunni
311 491 393 557 primo
410 503 471 556 quot
486 490 579 556 frigore
595 491 668 540 deicit
684 492 752 540 ulmo

231 563 271 611 De
286 563 370 627 patula
385 563 474 611 Boreas
491 563 626 630 inplacidus
642 562 709 612 folia.

183 633 304 699 Aegiptus
321 635 489 700 geometriam,
505 635 572 701 prius
589 635 747 700 astrologiam

233 706 300 754 Gens
318 706 406 755 Caldea
422 723 480 755 suos
496 706 602 754 instituit
617 707 734 766 iuvenes;

184 777 277 826 Grecus
300 778 477 826 arithmeticam
499 777 591 837 docuit,
613 778 756 846 primusque
778 778 894 843 sophista,

232 848 351 908 Musicus,
368 860 392 897 et
408 850 499 908 rethor,
516 849 736 915 grammaticusque
750 849 806 898 fuit.

184 920 290 969 Plurima
306 938 358 969 non
374 921 456 969 solum
470 921 518 969 fuit
534 920 571 969 his
588 921 713 988 opulentia
729 937 817 979 rerum,

233 992 317 1041 Eoliae
333 991 439 1041 celebres
456 992 498 1041 sed
514 993 616 1058 viguere
632 992 721 1052 duces;

184 1063 296 1112 Oratoris
313 1064 380 1113 enim
394 1064 552 1113 Demostenis
569 1065 635 1113 auxit
650 1064 758 1113 Athenas

233 1135 321 1184 Sollers
338 1147 362 1184 et
378 1136 476 1201 reliquis
493 1136 585 1184 culcius
602 1136 735 1201 eloquium.

185 1207 289 1257 Socratis
305 1207 406 1256 arbitrio
423 1207 491 1257 dedit
507 1207 564 1256 urbs
582 1224 607 1256 se
623 1207 725 1257 Palladis
737 1224 828 1275 aequo,

232 1280 363 1345 Ingenium
378 1280 447 1327 cuius
464 1279 523 1328 mite
538 1278 613 1328 fuisse
629 1278 718 1328 ferunt.

184 1351 290 1415 Magnus
306 1351 466 1400 Aristotelem
481 1367 523 1399 rex
538 1350 624 1399 affectu
641 1351 738 1417 speciali

233 1423 358 1471 Phebeum
373 1422 477 1471 Macedo
494 1438 585 1470 numen
601 1422 638 1471 uti
653 1422 739 1482 coluit,

184 1494 294 1543 Pondera
311 1495 444 1543 Xenocrati
461 1493 503 1559 qui
519 1494 624 1558 plurima
639 1493 736 1542 miserat
752 1493 812 1552 auri,

232 1567 335 1614 Parcum
350 1565 435 1631 legatis
451 1565 609 1631 prandiolum
624 1565 692 1614 dedit
707 1566 744 1624 is;

184 1637 231 1686 Cui
246 1649 366 1686 taxaretur
380 1638 475 1703 peciere
490 1637 592 1701 pecunia
608 1653 686 1696 mane,

233 1709 356 1758 «Caenula
362 1726 408 1757 vos
416 1709 501 1757 docuit
508 1725 620 1774 spernere
626 1725 692 1768 me»,
699 1709 788 1774 inquit,
795 1724 892 1757 «eam».

184 1781 326 1846 Diogenem
342 1780 455 1829 Cinicum
470 1780 551 1829 visens
567 1781 593 1828 in
609 1780 661 1829 sole
677 1780 808 1839 sedentem,

232 1852 344 1918 Indigeat
361 1852 381 1900 si
398 1869 448 1917 quo
465 1868 507 1900 rex
521 1852 583 1918 petit
598 1863 626 1900 ut
641 1862 707 1918 petat
722 1852 765 1911 id;

185 1924 231 1972 Cui
241 1924 347 1989 sophus:
359 1924 482 1972 «obsistas
492 1939 555 1989 rogo
565 1940 596 1972 ne
605 1923 666 1971 mihi
676 1924 728 1972 sole
736 1923 840 1972 fruenti:
896 1931 907 1968 f.
921 1943 966 1975 105v

232 1995 275 2044 Me
291 1996 343 2044 sine
359 1995 411 2043 sole
426 1995 483 2055 frui,
500 2006 591 2043 caetera
607 1995 667 2043 tolle
682 1995 758 2044 tibi».

184 2066 301 2115 Intulerat
317 2083 413 2132 quaqua
429 2082 529 2115 versum
544 2067 638 2133 sapiens
655 2066 724 2115 Plato
740 2082 858 2132 gressum,

233 2137 405 2205 Exeipiebatur
421 2154 516 2205 semper
532 2137 683 2196 honorifice;

183 2211 237 2259 Nec
253 2209 388 2277 disciplinis
404 2210 503 2258 aderant
519 2220 614 2257 tantum
629 2209 706 2258 modo
722 2210 789 2269 culti,

233 2281 362 2347 Obsequio
378 2281 451 2329 multi
468 2280 510 2329 sed
525 2296 656 2346 procerum
670 2281 748 2346 pueri,

183 2354 263 2401 Partes
280 2352 422 2417 Phitagoras
439 2353 496 2418 quia
511 2352 667 2418 perlustravit
684 2353 756 2412 ans,-

232 2423 375 2490 Indagando
391 2425 443 2472 vias
459 2424 601 2490 multiplicis
618 2423 726 2489 sophiae,

183 2496 300 2560 Adquirit
315 2497 416 2561 longam
431 2507 588 2561 praesumpto
604 2495 704 2543 nomine
719 2494 816 2553 famam,

232 2569 317 2616 Postea
334 2566 402 2632 quod
418 2566 507 2615 summi
522 2567 565 2614 vix
580 2582 688 2615 meruere
703 2567 758 2616 viri.

122 2733 131 2768 l
147 2698 167 2730 93
180 2684 322 2729 (demo).(stenis>
333 2696 366 2719 ras.
416 2697 446 2719 101
460 2685 567 2729 (pallanta)
579 2696 611 2719 ras.
661 2696 692 2729 ¹09
703 2685 759 2719 modo
765 2683 822 2727 cullti)
834 2686 895 2719 iinras.

112 2747 122 2768 a
130 2760 134 2769 .
143 2745 184 2769 man.
