2068 3216
803 158 851 207 149

264 228 299 262 DE
314 191 523 263 Mauounamruus
538 214 582 262 VI.
602 230 613 276 3
632 242 642 248 -
657 214 700 262 VI.
718 229 733 274 4

193 356 269 419 Quod
284 355 345 404 foris
362 354 436 405 exuto
451 356 542 406 vertice
559 356 709 406 substiteritz'
867 381 891 413 70

144 430 218 477 «Lex
233 427 319 476 oculos
336 423 381 476 tibi
397 439 461 477 certa
477 444 546 477 meos
562 427 705 496 praefinit»,
721 429 764 488 ait,
774 446 788 476 «
804 440 828 478 te

191 499 242 548 Illis
258 499 402 559 formosam,
418 510 442 548 te
458 499 516 549 dato
531 500 701 567 perspicuam:

142 571 182 621 illi
197 583 222 620 te
237 571 328 631 norint,
344 570 393 620 illis
408 571 462 619 fore
478 582 544 637 grata
561 571 666 631 studeto,

192 644 237 691 Est
252 642 325 691 maris
341 654 451 709 aspectus
467 643 574 692 lubricus
590 641 720 692 alterius».

143 714 269 763 Archiloci
284 713 360 763 libros
376 713 548 763 Lacedentonii
562 715 686 783 pepulere,

193 786 259 835 Urbe
276 802 318 834 sua
335 802 442 853 quorum
456 785 530 835 lectio
546 787 624 852 turpis
640 798 707 846 erat;

145 860 228 907 Mores
245 868 360 906 natorum
375 875 406 906 ne
422 870 609 925 corrumpantur
625 874 719 919 eorum,
762 921 763 924 Ἴ

191 929 290 979 Institui
305 929 391 979 iambis
407 930 536 979 noluerant
551 930 646 998 opicis;

143 1003 246 1050 Roserat
261 1001 387 1051 obscaenis
405 1002 522 1068 quoniam
537 1018 639 1050 exosum
655 1001 797 1061 maledictis,

193 1074 237 1121 Est
252 1087 337 1140 passus
352 1073 457 1138 longum
471 1074 570 1138 longius
587 1073 694 1135 exilium.
868 1091 890 1123 ao

145 1144 330 1211 Thimagoram,
343 1144 428 1203 clarae,
444 1145 533 1194 merito
549 1145 706 1212 dampnastis,
722 1144 841 1203 Athenae,

192 1215 299 1265 Blandus
314 1215 427 1265 adulator
443 1216 486 1283 qui
501 1216 572 1265 Darii
587 1215 673 1276 fuerat,

143 1287 248 1353 Indigne
263 1287 331 1336 fertis
347 1299 458 1337 vestrum
474 1287 547 1337 decus
563 1288 686 1337 extenuari

177 1376 178 1382 ¹
192 1359 271 1408 Unius
287 1359 348 1408 civis
364 1359 491 1408 blandiciis
507 1358 615 1409 levibus>

143 1430 233 1480 ludicis
250 1430 344 1480 effrenis
362 1430 484 1480 Cambises
500 1430 605 1480 iuditiali

192 1502 284 1551 Pellem
299 1502 431 1551 detractam
446 1502 587 1568 composuit
601 1502 699 1569 tripedi,

145 1575 176 1624 Et
193 1589 265 1640 super
280 1573 347 1622 hunc
361 1574 432 1622 iussit
447 1585 533 1623 natum
548 1573 652 1623 residere
667 1573 765 1633 tiranni,

193 1646 303 1694 Horrea
314 1645 465 1695 horrendum
479 1646 554 1713 patris
571 1657 598 1694 ut
612 1646 723 1694 exitium.

264 1833 426 1878 GRAVITER
443 1833 539 1877 DICTA
553 1833 619 1878 AUT
633 1833 734 1878 FACTA

487 1983 503 2027 4

144 2075 203 2123 Post
218 2074 298 2123 caedis
313 2088 424 2141 pugnam
440 2074 571 2123 Cannensis
587 2074 747 2141 pernitiosam
780 2094 781 2098 ¹

194 2146 252 2212 Spes
267 2146 294 2193 in
309 2145 397 2194 vicinis
413 2146 494 2194 omnis
511 2157 561 2194 erat
576 2146 664 2204 sotiis;

145 2217 211 2265 Hinc
225 2227 254 2265 ut
268 2218 295 2265 in
309 2217 415 2282 imperio
430 2217 560 2282 vigilarent
575 2217 735 2277 restituendo,

193 2288 273 2337 Patres
290 2289 423 2356 conscripti
439 2287 530 2355 grande
544 2299 632 2354 putant
647 2288 723 2355 aliqui

144 2359 255 2409 Albanos
273 2359 394 2425 quosdam
408 2360 435 2408 in
449 2375 554 2408 numero
570 2360 693 2428 scripsisse
710 2372 821 2409 senatus:
881 2388 889 2420 5

193 2432 232 2479 De
249 2432 344 2497 Capuae
359 2431 445 2498 primis
461 2431 548 2479 consul
563 2431 630 2480 idem
644 2432 727 2499 peciit,

144 2503 251 2552 Manlius
267 2502 374 2561 obsistit,
391 2502 517 2568 Torquato
533 2514 603 2551 natus
619 2502 649 2551 ab
665 2503 710 2551 illo

195 2575 278 2639 Strage
294 2575 393 2623 Latinos
411 2575 453 2640 qui
469 2585 585 2623 straverat
600 2574 736 2623 inmodica:

109 2752 128 2785 71
143 2740 238 2785 (o).(cu10s)
249 2751 282 2774 ras.
330 2743 350 2782 78
364 2739 432 2784 (oppos
443 2742 460 2774 in
471 2751 503 2774 ras.
515 2739 536 2774 al.
548 2751 589 2775 marr.
