2068 3216
176 154 223 214 198
270 238 305 271 DE
320 237 529 272 MEMoxAstmxus
545 224 612 291 VHI.
634 240 642 285 5
663 252 673 260 ·
689 224 757 273 VIII.
776 241 790 286 7

172 365 273 414 Illarum
288 382 386 415 causam
400 366 504 415 feliciter
519 366 572 433 ipsa
587 378 693 432 perorat,

223 435 334 503 Moxque
349 436 437 486 tributi
451 452 507 502 pars
523 453 613 503 magna
628 439 727 487 remissa
742 438 807 497 fuit3
866 445 868 457 ⁴

173 508 250 557 Patris
266 509 292 557 in
307 508 352 557 hac
368 508 427 559 clari
441 508 555 558 facundia
570 509 634 558 clara
649 510 745 570 revixit,
802 538 803 542 =
818 517 820 522 ’

223 579 306 642 Quam
317 579 428 646 ‘perdunt
443 591 527 648 turpes
542 580 689 630 luxuriando
706 597 791 630 mares.
825 612 826 615 =

382 720 427 764 DE
448 719 678 782 QUESTIONIBUS
747 684 748 689 =

520 834 534 882 6

172 940 274 1000 Fannio
292 942 335 1008 qui
352 956 436 990 servus
452 940 540 989 Rafani
554 940 611 1000 fuit,
626 941 781 994 insimulatur

221 1011 349 1061 Occidisse
364 1012 413 1061 viri
427 1012 553 1079 praecipui
568 1011 690 1061 famulum
698 1031 705 1072 ;

173 1083 241 1131 Hinc
255 1095 335 1133 tortus
352 1101 377 1133 se
392 1094 533 1133 constanter
547 1083 634 1133 fecisse
649 1083 746 1144 fatetur,

221 1155 352 1222 Propterea
368 1155 423 1204 dito
439 1155 534 1222 deperit
550 1155 643 1215 exitio;

173 1227 232 1276 Post
246 1226 374 1276 modicum
389 1226 452 1276 redit
466 1228 507 1276 ille
522 1227 627 1277 domum
641 1227 685 1293 qui
699 1243 782 1276 caesus
797 1226 887 1276 abillo

222 1299 282 1348 Esse
297 1298 436 1365 putabatur,
452 1298 519 1347 unde
535 1298 604 1347 dolet
614 1297 734 1348 ‘Rafanus

173 1369 262 1418 Servus
278 1370 417 1420 Alexander
432 1369 478 1419 diti
488 1370 589 1419 Rafano
604 1369 653 1418 fuit
667 1370 736 1428 alter,
887 1380 900 1418 f.
912 1383 935 1422 84

221 1442 269 1490 Pro
285 1458 344 1491 nece
360 1443 404 1510 qui
420 1441 478 1490 Gaii
493 1442 595 1491 verbera
609 1441 660 1490 fert¹
673 1442 779 1508 equitis;

174 1512 267 1580 Septies
283 1513 388 1562 obnixae
402 1525 482 1562 tortus
499 1525 572 1579 negat
587 1513 654 1562 hunc
668 1512 799 1579 iugulasse,

222 1585 281 1648 Qui,
297 1585 354 1635 licet
370 1596 475 1645 excuset,
491 1586 517 1633 in
533 1601 604 1633 cruce
619 1584 738 1651 disperiit.
850 1642 857 1654 ,.

172 1656 271 1707 Flaccus
287 1657 339 1723 agit
355 1655 456 1706 dubiam
470 1657 573 1722 proprio
589 1671 635 1721 pro
651 1656 754 1704 crimine
769 1658 873 1714 causam,

221 1729 340 1778 Conscius
355 1728 422 1777 illius
439 1728 549 1777 servulus
565 1727 623 1776 hinc
639 1727 749 1795 capitut3

173 1799 261 1849 Occies
277 1800 318 1849 hic
333 1811 412 1849 tortus
428 1800 473 1859 nil,
489 1798 556 1848 obsit
572 1799 641 1863 quod
657 1799 711 1858 sibi,
726 1798 799 1856 fatur,
864 1805 866 1810 ⁴

220 1873 250 1921 In
267 1887 341 1937 quem
356 1882 409 1920 tota
425 1871 490 1920 cadit
506 1871 603 1937 questio
618 1886 665 1937 pro
682 1870 794 1928 domino,

173 1944 213 2003 Et,
229 1960 287 1992 cum
302 1942 415 1992 debuerit
430 1944 524 1991 tociens
540 1953 608 1991 torto
624 1958 696 2008 mage
712 1941 786 2000 credi,

222 2015 305 2077 Quam
319 2025 493 2078 torquerentur
508 2014 529 2062 si
545 2014 620 2062 semel
635 2024 694 2062 octo
710 2012 766 2072 viri,¹

173 2086 323 2154 Supplitium
339 2085 415 2135 subiit
429 2097 511 2135 tamen
526 2085 578 2152 ipse
593 2084 681 2144 fidelis,
697 2101 729 2132 an
744 2099 850 2149 aequum

220 2158 321 2217 Nescio,
337 2173 384 2224 pro
401 2157 521 2206 domino:
539 2172 622 2223 sospes
638 2155 690 2204 abit
706 2155 829 2204 dominus.

425 2297 469 2340 DE
487 2296 633 2341 TESTIBUS

518 2424 532 2469 7

171 2517 266 2565 Gneius
283 2532 341 2565 cum
357 2516 453 2578 Quinto
470 2515 564 2580 magnis
582 2513 734 2579 genitoribus
750 2513 800 2562 orti

220 2588 339 2637 Germani
355 2603 465 2636 summos
481 2601 639 2652 promeruere
655 2585 762 2651 gradus;

135 2755 152 2797 6,
164 2765 174 2798 9
186 2753 260 2789 obnixae
269 2770 287 2782 =
296 2753 365 2788 obnixe.
