2068 3216
761 163 791 207 17

267 235 301 268 or
317 233 527 268 Menounsraraus
544 218 599 268 VH.
619 236 629 281 3
796 163 806 208 ὅ

242 360 345 404 VAFRE
363 358 460 403 DICTA
475 358 541 404 AUT
556 358 658 402 FACTA

441 523 450 569 3

93 649 191 699 Servius
208 648 339 715 imperium
355 649 442 698 retinet
459 649 519 698 dum
536 648 632 696 Tullius
649 646 725 706 urbia

142 721 251 769 Eximiae
267 719 369 778 formae,
386 721 498 788 corporis
514 719 642 778 inmodici,

93 792 171 842 Unius
189 804 225 841 est
241 792 267 839 in
283 806 344 857 agro
361 792 422 840 civis
439 792 485 841 bos
501 803 556 840 orta
573 790 672 849 Sabino,

142 864 232 930 Augur
247 862 278 911 ad
294 862 343 911 hoc
359 880 458 912 vaccam
473 863 597 928 praedicat
614 879 666 911 esse
683 873 775 911 satam:

93 934 208 985 Immolet
224 936 286 983 hanc
303 935 358 1000 quis
375 935 501 983 Aventino
519 935 539 982 si
555 934 619 983 colle
634 935 737 992 Dianae,
839 955 846 987 ς

143 1007 203 1055 Eius
220 1006 289 1072 quod
304 1006 413 1071 populus
429 1006 496 1054 orbis
513 1006 559 1054 erit
576 1005 710 1064 dominus;

94 1080 223 1127 Possessor
239 1093 326 1126 vaccae
342 1079 449 1126 Romam
465 1077 539 1137 subit,
555 1090 633 1143 utque
649 1078 744 1126 Dianae

144 1149 236 1198 Mactet
252 1166 306 1198 eam
320 1149 396 1216 phani
411 1149 556 1217 pontificem
571 1150 663 1216 peciit;

96 1222 144 1270 Hic
160 1223 285 1270 Romanus
302 1233 352 1269 erat
369 1221 409 1269 cui
425 1222 514 1270 stultus
530 1220 579 1269 fata
595 1221 694 1279 revelat,

142 1292 187 1341 llle
203 1291 271 1341 vafer
287 1293 356 1358 quasi
371 1307 419 1360 pro
434 1293 564 1358 relligione
579 1292 647 1341 iubet
827 1316 848 1338 ιο

95 1365 130 1413 Ut
146 1381 171 1413 se
186 1364 270 1412 vicino
288 1363 383 1412 Tiberis
399 1364 467 1430 prius
483 1363 565 1413 abluat
580 1381 660 1412 anne:

144 1436 260 1485 immolat
276 1434 316 1483 hic
331 1452 438 1494 vaccam,
455 1436 516 1485 dum
529 1436 592 1502 petit
608 1435 698 1501 hospes
715 1450 812 1499 aquam,

96 1507 171 1556 Orbis
188 1520 212 1555 et
227 1507 326 1556 antistes
344 1507 459 1556 dominos
475 1507 534 1556 facit
550 1524 602 1556 esse
619 1507 745 1569 Quirites:

145 1580 218 1627 Fraus
235 1596 262 1627 ea
278 1590 329 1626 tam
344 1590 442 1627 vastum
458 1578 570 1627 condidit
586 1579 725 1645 imperium.

97 1650 161 1699 Cum
176 1666 218 1699 rex
234 1650 381 1717 Tarquinius
398 1651 467 1698 Bruti
482 1651 604 1716 iugularet
620 1650 739 1699 avunclus
827 1671 846 1704 15

147 1723 240 1771 Omnes
256 1723 360 1789 inpupes
376 1722 467 1771 indolis
483 1723 618 1788 aegregiae,

96 1794 193 1859 Ingenii
210 1794 279 1859 quod
294 1805 345 1842 erat
360 1795 451 1860 vegeti,
467 1793 568 1842 fratrem
583 1805 653 1842 necat
669 1794 729 1852 eius,

146 1865 227 1913 Finxit
243 1882 268 1914 se
285 1865 351 1913 bruti
368 1866 457 1914 Brutus
474 1866 508 1914 ob
524 1865 573 1914 hoc
588 1865 681 1924 animi,

98 1936 169 1985 Misit
185 1953 226 1985 rex
241 1948 312 1985 natos
328 1937 426 1986 oracula
441 1952 543 2004 poscere
559 1936 681 2004 Delphos,

148 2009 212 2057 Cum
228 2008 316 2073 quibus
334 2020 358 2056 et
374 2010 464 2057 Brutus
481 2008 523 2058 sed
540 2009 609 2074 quasi
626 2007 712 2056 brutus
728 2007 787 2066 abit,
828 2030 850 2051 20

99 2080 199 2147 Quique
215 2096 278 2128 cavo
292 2095 384 2145 purum
400 2079 488 2129 baculo
505 2080 658 2129 concluserat
673 2095 768 2138 aurum,

148 2153 213 2204 Nam
229 2152 312 2199 timuit
328 2150 413 2200 Phebo
425 2168 526 2200 munera
538 2151 601 2200 ferre
613 2152 695 2217 palam
705 2170 711 2210 ;

99 2224 134 2272 Ut
150 2223 246 2271 solvere
261 2237 344 2289 preces
361 2234 385 2271 et
400 2239 501 2272 munera
516 2223 600 2290 patris,
617 2222 706 2289 ephebi

148 2295 295 2359 Perquirunt
310 2294 413 2342 rutilum
429 2295 484 2361 quis
500 2295 611 2343 diadema
626 2294 704 2353 feret;

101 2383 115 2413 «
124 2367 147 2414 Is
158 2365 201 2431 qui
209 2367 304 2432 primus
313 2383 337 2425 »,
347 2366 381 2413 ait
391 2366 495 2425 Phebus,
507 2366 598 2415 «dabit
608 2366 692 2414 oscula
701 2366 774 2413 matri
783 2384 797 2412 a
808 2383 815 2423 ;
829 2387 849 2418 25

149 2439 238 2485 Brutus
255 2449 283 2486 ut
299 2454 329 2485 ex
344 2454 401 2485 casu
416 2438 497 2505 lapsus
514 2438 541 2486 in
557 2453 614 2486 arva
630 2438 688 2496 ruit,

101 2509 189 2557 Terrae
204 2509 332 2557 communi
346 2509 441 2575 primus
458 2508 526 2558 dedit
542 2509 625 2557 oscula
641 2509 722 2567 matri,

149 2581 178 2628 In
193 2579 262 2628 fastis
277 2581 371 2645 primus
389 2579 446 2629 huic
462 2580 534 2629 datur
549 2580 606 2629 inde
622 2581 699 2628 locus¹

63 2753 270 2790 rvarcamtcsuprascr.
306 2756 323 2789 15
337 2745 432 2789 iugularem
445 2753 547 2789 ustrprasrr.
585 2746 735 2790 21·29iaras.al.
744 2757 786 2780 man.
