2068 3216
175 165 225 210 440

367 234 502 272 MIRACULA
519 239 537 273 S.
556 239 695 274 BENEDICTI

175 365 245 415 Dum
261 381 326 414 sacra
341 365 460 433 percurrit
476 365 538 426 loca,
547 366 639 416 lumen
654 384 723 417 caeca
739 369 854 435 reposcit,

224 439 258 487 Ut
274 437 375 505 quidam
390 438 496 498 monuit,
512 438 622 489 membra
636 440 712 506 patris
728 440 816 507 petiit;

175 510 248 559 Fudit
264 520 331 568 vota,
348 524 440 576 preces,
461 521 580 560 remorata
596 525 641 578 per
657 510 805 562 ebdomadas
823 523 888 564 tres:

225 580 341 640 Tandem,
359 581 427 647 quod
443 581 528 648 cupiit,
544 582 628 631 nubila
644 581 758 632 deseruit.

176 652 245 702 Dum
260 651 342 702 fremit
357 653 509 703 horrendum
523 670 597 703 voces
614 654 733 703 imitando
749 653 864 715 ferarum,

225 726 258 773 Et
273 725 354 773 vomit
369 725 497 774 horrificos
514 741 557 774 ore
572 725 679 781 furendo
695 742 779 786 sonos,
846 763 848 766 ·

176 797 273 863 Excipit
289 796 729 864 incertum-quisnampercusserit
745 798 889 858 ?-ictum,

225 869 339 917 Demone
355 885 415 918 mox
429 869 536 918 mundus
553 883 637 935 sospes
654 869 720 919 abire
736 868 815 919 datur.

177 940 252 990 Patris
269 952 319 990 erat
334 939 433 999 festum,
449 941 511 1006 petit
527 956 585 1006 eger
599 939 663 989 ferre
678 941 807 1007 grabatum

226 1013 285 1075 Quo
301 1012 400 1061 recubat
415 1011 527 1061 loculum
542 1011 588 1061 sub
603 1012 679 1079 patris
694 1012 848 1072 almifluum;

178 1084 226 1132 Hic
241 1083 403 1143 mendicabat,
419 1099 513 1135 nomen
527 1084 661 1133 Durandus
677 1083 789 1144 habebat,

225 1155 350 1223 Percaepit
367 1167 464 1221 gratum
479 1172 539 1206 mox
553 1154 612 1205 fidei
626 1156 741 1224 pretium.

177 1227 247 1277 Alter
262 1244 337 1293 opem
352 1227 441 1277 meruit
457 1243 532 1293 quem
546 1226 619 1277 foeda
633 1227 712 1277 libido
728 1227 847 1294 subaegit,

226 1300 298 1349 Unde
312 1297 396 1367 priore
412 1299 490 1348 modo
506 1298 647 1348 debilitatur
661 1299 757 1358 homo;

178 1371 226 1420 Hic
241 1383 279 1420 ter
293 1371 420 1437 polluitur,
437 1382 559 1430 curvatur,
575 1383 661 1437 terque
676 1371 785 1420 levatur:
889 1380 901 1417 f.
914 1392 960 1425 177v

226 1444 260 1492 Ut
276 1460 302 1492 se
317 1443 448 1502 continuit,
465 1459 536 1491 sanus
553 1453 577 1491 et
592 1442 645 1508 ipse
660 1441 715 1491 fuit.

178 1516 263 1564 Mutus
279 1514 347 1564 adest
364 1515 468 1574 iuvenis,
483 1513 616 1563 confestim
630 1514 706 1563 verba
721 1514 819 1580 recepit,

227 1587 322 1646 Grates,
339 1602 398 1651 quas
413 1586 492 1635 valuit
507 1586 613 1645 solvere,
629 1602 681 1634 non
696 1586 793 1644 renuit;
840 1619 842 1622 -

178 1659 308 1708 Corruerat
322 1658 409 1725 paries,
426 1658 560 1706 instaurant
577 1674 651 1723 quem
667 1657 724 1723 quia
739 1655 832 1716 fratres⁵

226 1731 296 1779 Dum
310 1729 422 1779 finiretur
436 1729 543 1796 perstitit
558 1729 607 1778 hoc
621 1728 653 1778 ad
669 1744 741 1796 opus.

178 1801 288 1851 Advenit
303 1813 328 1850 et
342 1817 427 1852 coram
441 1812 536 1850 caecata
550 1800 659 1866 puellula
675 1798 802 1866 quaedam,

227 1874 297 1936 Quae
313 1884 384 1939 rogat
398 1872 498 1922 accendi
513 1872 607 1921 lumina
623 1872 680 1921 bina
696 1871 759 1920 sibi:

179 1945 256 2008 Quod
271 1945 332 1994 dum
347 1945 441 1994 devoto
457 1944 570 2011 deposcit
585 1955 685 2011 pectore
700 1942 795 2002 crebro,

227 2016 310 2065 Cernit
326 2015 447 2065 Phebeam
463 2016 516 2065 luce
532 2016 638 2064 micante
654 2030 757 2080 speram.

179 2088 288 2151 Quidam
302 2088 341 2136 vir
356 2088 434 2137 clarus
450 2103 568 2153 generosa
583 2087 657 2152 stirpe
673 2097 774 2145 creatus,

226 2159 340 2210 Induerat
355 2171 463 2210 mentem
478 2158 590 2209 demonis
605 2170 656 2207 arte
671 2170 782 2216 trucem;

179 2234 222 2281 Est
238 2248 281 2297 per
297 2243 437 2280 sanctorum
453 2247 517 2280 sacra
533 2230 620 2279 duetus
637 2229 708 2278 busta
722 2229 842 2287 virorum,

227 2304 278 2366 Qui
293 2303 379 2369 recipit
394 2314 502 2352 mentem
516 2317 561 2368 per
575 2301 650 2368 patris
666 2301 739 2349 huius
755 2316 837 2367 opem.

178 2376 261 2425 Furcis
277 2391 386 2440 appenso
401 2373 491 2423 viduae
505 2389 553 2441 pro
569 2373 671 2423 crimine
686 2384 753 2431 nato,

227 2448 318 2495 Exorat
334 2458 410 2495 mater
425 2457 458 2505 te,
474 2444 605 2494 Benedicte
619 2455 697 2510 pater,

178 2519 259 2568 Poscit
275 2518 384 2585 suspiriis
400 2517 490 2566 misero
507 2532 645 2565 succurrere
661 2514 759 2573 crebris,

72 2613 106 2646 930
227 2589 344 2655 Extingui
360 2589 424 2638 duro
440 2605 492 2637 non
506 2587 590 2655 potuit
606 2587 702 2653 laqueo.

141 2768 174 2801 9²2
185 2767 252 2800 speram
262 2771 280 2784 =
288 2754 374 2799 spheram.
422 2765 455 2798 924
466 2753 548 2788 toralium
556 2754 573 2787 in
581 2764 609 2787 ras
616 2759 633 2788 et
640 2751 662 2787 al.
672 2763 713 2786 man.
