2068 3216
383 218 466 252 PASSIO
482 219 504 251 Β.
521 218 613 262 MAURI,
630 216 725 251 ORATIO

314 346 364 408 Qui
380 362 483 411 magnus
499 346 594 411 magnis
611 345 742 394 conrutilat
757 345 858 394 meritis.

198 417 294 467 Vellere
309 434 370 466 vero
385 416 460 466 rubos
477 418 570 477 solitus,
587 434 630 466 seu
645 416 735 465 vellere
750 432 842 476 moros,

246 490 331 538 Pastor
347 488 425 539 Amos
441 488 505 537 clara
519 506 582 538 voce
597 488 680 538 futura
694 500 780 548 tonat3

200 560 285 626 Tergis
301 561 388 609 Ysaiae
403 559 497 609 labium
511 560 662 627 purgaminis
678 560 743 626 igne,

248 633 284 681 Os
301 632 344 697 qui
359 632 485 699 pollutum
500 632 592 681 dixerat
608 648 659 681 esse
676 648 763 691 suum3

200 705 315 769 Sumptus
331 703 362 752 ab
377 703 447 752 altari
462 719 520 753 cum
534 703 628 769 forcipe
643 703 749 752 calculus
765 703 802 752 illi

247 776 272 825 A
287 775 379 824 cherub
395 774 492 824 affertur
507 775 637 842 purificans
653 774 752 826 labium.

199 847 254 914 lpse
269 846 415 898 Iheremiam
429 846 528 913 populis
544 846 604 897 dum
619 846 745 896 vaticinari

247 918 398 984 Praeciperes
415 917 541 983 quondam
556 918 604 967 hoc
619 933 681 984 puer
695 918 736 967 ille
752 917 842 968 refert:

201 990 285 1040 «Sum
299 990 377 1050 Deus,
394 1006 489 1048 ecce»3
506 990 599 1055 «loqui
614 989 720 1039 necdum
734 1005 782 1057 pro
798 1001 909 1056 tempore
922 989 943 1033 ⁶5

248 1062 407 1128 Respondes:
426 1061 502 1109 «noli
518 1061 597 1111 dicere
613 1073 637 1111 te
652 1075 764 1128 puerum,
788 1061 909 1126 ,[novi>›;

148 1173 150 1177 .
200 1133 269 1195 Quae
285 1134 365 1183 dicam
380 1132 451 1182 faties
467 1143 491 1182 et
507 1149 569 1200 quae
584 1132 732 1182 mandavero
749 1133 815 1182 dices
823 1150 855 1193 »3

247 1205 279 1253 Et
295 1221 354 1263 mox
369 1203 528 1271 magnificum
542 1204 638 1271 perficis
655 1220 697 1253 ore
712 1204 802 1253 virum.

280 1277 367 1335 Testis,
384 1276 487 1336 Christe,
503 1277 540 1324 tui
556 1275 586 1325 da
602 1286 669 1342 gesta
685 1287 791 1325 retexere
807 1275 896 1335 Mauri,

313 1348 364 1411 Qui
380 1364 483 1413 magnus
499 1348 594 1413 magnis
610 1347 741 1396 conrutilat
756 1348 857 1398 meritis.
922 1359 944 1391 70

199 1419 270 1468 Olim
285 1421 399 1486 Neupma
415 1420 463 1467 tuis
480 1418 540 1468 dum
555 1419 615 1468 caris
631 1418 727 1468 aethere
742 1418 833 1479 fundis,

248 1492 363 1540 Sanctum
379 1493 493 1557 Neupma
508 1490 557 1539 tuis
573 1491 645 1556 ignea
660 1490 744 1556 lingua
759 1490 815 1550 fuit,

199 1563 261 1612 Mox
277 1563 420 1612 inflammati
435 1574 569 1629 coeperunt
585 1563 645 1611 mira
660 1561 760 1629 profari,

247 1634 371 1683 Omnibus
387 1646 412 1683 et
426 1634 517 1700 linguis
533 1634 627 1683 mistica
642 1633 717 1682 verba
732 1634 819 1699 loqui;

194 1707 280 1755 'Hamo
296 1722 353 1754 cum
368 1707 447 1772 pisces
463 1705 494 1755 de
510 1706 608 1772 gurgite
624 1720 702 1770 saepe,
718 1705 848 1765 lohannes,
921 1717 942 1750 75

246 1778 376 1837 Extuleris,
392 1778 467 1826 instar
483 1778 545 1826 celsa
560 1789 627 1826 tenes
643 1776 755 1844 aquilae;

198 1849 348 1915 Principium
363 1849 469 1898 tenuisse
486 1848 560 1897 deum
575 1865 656 1897 narras
672 1848 715 1897 ubi
730 1848 843 1908 verbum,

196 1919 197 1922 ’
245 1920 368 1986 Designas
384 1931 451 1969 totos
467 1932 492 1969 te
506 1932 644 1987 penetrasse
659 1919 741 1985 polos,

198 1991 222 2040 A
237 1993 332 2057 gremio
349 1992 439 2041 summi
454 1992 559 2041 verbum
574 1991 685 2041 mirabile
700 1991 774 2057 patris

245 2063 371 2123 Producis‚
388 2064 448 2129 quid
464 2063 495 2112 sit
512 2063 572 2129 quid
587 2062 661 2112 fuerit
677 2063 773 2129 retegis,
923 2068 945 2099 80

198 2135 314 2184 Panditur
329 2136 458 2185 aecclesiae
472 2135 605 2202 praesentis
621 2151 697 2183 necne
712 2133 808 2183 futurae

246 2206 317 2255 Ordo
332 2206 387 2267 tibi,
405 2206 503 2256 Christo
519 2206 660 2255 notificante
675 2206 740 2255 Deo.

198 2277 273 2336 Talia,
290 2277 392 2338 Christe,
409 2278 457 2327 tuis
472 2278 567 2343 largiris
583 2293 684 2327 munera
699 2278 768 2337 caris,

245 2349 384 2415 Neupmate
401 2366 463 2415 quos
481 2365 548 2398 sacro
564 2351 604 2398 vis
621 2350 734 2399 decorare
750 2360 802 2398 tuo.

278 2421 366 2480 Testis,
384 2421 486 2480 Christe,
502 2421 539 2469 tui
555 2421 586 2470 da
602 2432 669 2487 gesta
685 2432 791 2469 retexere
807 2420 896 2479 Mauri,
923 2428 943 2469 85

311 2493 362 2555 Qui
378 2509 481 2558 magnus
497 2493 592 2558 magnis
609 2492 740 2541 conrutilat
755 2493 856 2541 meritis.

162 2645 182 2677 59
192 2631 245 2666 Ysaie
256 2633 275 2667 P.
323 2633 343 2678 63
355 2634 462 2668 Hieremiam
473 2634 492 2668 P.
541 2635 563 2676 64
574 2635 677 2678 precipems,
688 2634 710 2668 ha
721 2635 739 2669 P.
794 2633 815 2677 67
826 2633 878 2669 facies
889 2635 908 2668 P.

126 2692 146 2724 71
157 2682 217 2716 ethere
228 2681 246 2714 P.
293 2680 417 2716 olimzsemen
425 2682 443 2716 P.
487 2684 626 2726 73cepen1'ntP.
681 2693 700 2725 75
710 2693 750 2726 sepe
758 2683 777 2716 P.
826 2681 909 2725 76instat

126 2731 181 2764 iuras.
190 2730 211 2763 R.
236 2728 293 2772 aquile
306 2730 324 2763 P.
373 2733 393 2772 78
408 2737 506 2774 penetrasse
519 2731 538 2765 Ρ.
587 2734 606 2764 81
621 2729 699 2772 ecclesie,
712 2730 802 2773 presentis,
818 2729 877 2764 future
890 2730 909 2765 P.
