2068 3216
856 117 869 148 2
894 116 903 147 1

374 188 408 221 ns
424 187 631 222 unnouaurmuus
646 173 692 221 IX.
711 172 725 220 6
874 117 885 163 3

195 314 317 364 Obruitur
331 315 424 382 clipeis,
441 317 558 383 susceptis
574 331 627 364 arce
645 315 746 375 Sabinis,

243 387 320 436 Collis
337 387 454 454 Tarpeius
469 387 527 436 inde
541 403 662 436 vocamen
677 385 757 435 habet.

194 459 261 507 Octo
277 458 326 508 fide
342 475 427 526 quassa
443 471 555 509 versutus
571 459 639 507 milia
655 457 735 507 Galba

242 531 282 579 De
297 531 473 579 Lusitanorum
488 530 617 580 moenibus
633 541 735 590 eruerat,

194 601 319 651 Florentes
335 613 412 651 aetate
427 603 494 651 viros
511 614 535 650 et
550 601 581 650 ad
598 617 663 650 arma
678 613 792 669 paratos:

243 673 342 722 Occidit
357 673 457 733 multos,
473 672 585 723 vendidit
600 684 624 722 et
640 673 755 739 reliquos.

193 743 280 793 Armat
295 746 322 793 in
337 745 463 794 Ausonios
480 745 593 794 audacter
608 745 714 794 Bituitus
730 761 772 793 rex

242 815 423 882 Arbennosque
439 834 496 866 suos
512 816 711 882 Allogobresque
726 815 800 866 feros.

195 887 269 935 Hunc
275 904 355 955 neque
363 900 398 948 tu,
406 887 516 947 Domici,
523 887 611 937 Fabius
619 904 698 953 neque
706 887 809 937 subdere
817 888 905 955 quivit,
919 909 939 942 ις

242 960 313 1008 Dum
327 960 418 1009 virtute
434 960 529 1026 nequis,
544 958 646 1027 perfidia
661 959 770 1026 subigis:

194 1030 355 1096 Colloquium
371 1031 469 1080 simulas
486 1042 510 1080 et
524 1030 615 1080 fercula
630 1031 696 1097 larga
712 1031 841 1092 ministras,

243 1103 341 1170 Excipis
357 1102 474 1171 hospitio,
491 1104 540 1151 iam
556 1114 664 1152 saturum
679 1103 774 1169 religas,

194 1173 227 1221 Et
241 1174 355 1223 vinctum
370 1190 454 1241 regern
468 1175 526 1223 navi
541 1174 675 1242 praemittis
691 1175 717 1223 in
732 1174 835 1225 urbem:

243 1246 304 1295 Non
318 1245 408 1313 probat
424 1245 490 1295 hunc
505 1257 601 1294 tantum
616 1247 696 1295 Roma
712 1262 795 1295 severa
810 1246 905 1306 dolum,
919 1268 941 1291 zo

195 1316 242 1365 Sed
257 1333 303 1366 nec
318 1317 442 1377 rescindit,
458 1329 561 1367 renovet
575 1334 607 1366 ne
622 1317 686 1367 bella
702 1318 796 1366 solutus

243 1388 365 1438 Bituitus:
382 1405 462 1438 carcer
476 1389 541 1438 illius
557 1388 622 1438 Alba
636 1388 691 1438 fuit.

194 1459 311 1510 Perfidiae
327 1461 454 1526 speculum
468 1460 517 1509 fuit
531 1460 590 1509 urbs
607 1460 729 1526 Carthago
744 1460 871 1520 nefandae,

243 1532 326 1594 Quam
341 1532 432 1582 virtute
448 1532 525 1599 magis
541 1543 649 1581 creverat
664 1532 705 1581 illa
720 1531 802 1591 dolis;

194 1603 334 1670 Xantippus
350 1604 417 1653 bello
433 1603 624 1653 Lacedemonius
639 1603 779 1653 truculento
918 1625 951 1658 η

244 1676 335 1724 Contra
350 1677 476 1724 Romanos
493 1676 551 1724 huic
565 1675 613 1724 fuit
628 1675 733 1725 auxilio:
806 1695 807 1699 ¹

194 1746 303 1812 Regulus
319 1747 389 1796 istius
405 1758 550 1813 argumento
567 1757 701 1812 superatur,

244 1819 326 1880 Quem
341 1819 390 1867 iam
405 1819 511 1868 victores
527 1835 572 1868 ceu
587 1818 677 1885 placidi
692 1818 795 1867 comites

195 1890 229 1939 Ut
244 1890 361 1939 revehant
378 1890 513 1956 Spartham,
530 1889 620 1939 duxere
634 1905 679 1957 per
694 1890 741 1938 alta
757 1890 871 1950 carinam,

243 1962 382 2011 Merserunt
397 1961 462 2011 caeci
477 1961 616 2028 gurgitibus
631 1961 720 2028 pelagi.
921 1984 942 2016 30

194 2032 302 2081 Annibal
317 2033 415 2082 invictis
430 2034 524 2082 cinctos
541 2033 616 2082 muris
633 2033 771 2082 Nucerinos

244 2104 316 2153 Exire
331 2116 448 2154 annuerat
463 2121 521 2153 cum
537 2104 629 2170 duplici
644 2105 743 2164 tunica;

194 2175 303 2225 Perfidus
319 2176 365 2225 hos
382 2192 469 2225 omnes
484 2176 556 2225 fumo
572 2187 642 2225 necat
657 2187 730 2242 atque
746 2191 846 2243 vapore,

243 2247 332 2296 Balnea
348 2247 496 2297 succendens
512 2259 634 2314 patretur
650 2247 709 2296 haec
725 2247 821 2296 scelera.

195 2317 328 2368 Moenibus
344 2318 462 2368 eductum
477 2319 551 2368 simili
566 2335 625 2368 cum
639 2317 724 2367 fraude
740 2330 851 2368 senatum
921 2339 940 2386 με

243 2391 424 2439 Acerranorum
438 2391 529 2457 proicit
544 2392 571 2439 in
585 2402 696 2456 puteum.

159 2710 178 2733 ar
191 2698 387 2744 (rescindit)..(renovet)
398 2710 431 2734 ras.
480 2711 500 2744 33
512 2710 583 2744 pavore.
