2068 3216
214 137 260 192 448

421 218 536 253 ELOGIUM
563 217 714 252 CLUNIACUM

213 347 298 396 Abbas
314 346 433 397 abbatum
448 363 492 412 per
508 347 588 395 secula
603 363 696 397 nomen
712 359 835 396 amatum:

213 420 289 468 Cuius
306 418 380 468 habes
397 435 497 478 nomen,
513 418 559 467 tibi
575 419 653 485 gloria
669 418 741 467 detur
757 430 780 467 et
797 435 879 478 omen,

214 491 290 554 Quod
306 491 355 539 iam
370 502 438 558 parte
451 490 536 539 datum
551 490 649 539 dabitur
664 491 716 539 sine
731 489 780 539 fine
796 490 902 539 beatum.

215 563 271 621 Scit,
280 561 341 611 bene
349 563 394 611 scit
401 562 508 612 mundus
517 562 586 628 quod
594 562 689 611 habetis
697 563 723 611 in
731 562 791 611 orbe
799 561 928 621 secundus,

216 634 266 683 Sub
282 634 329 683 celi
345 649 405 701 capa
420 633 466 682 tibi
481 650 534 682 non
550 645 659 701 superest
674 634 723 683 nisi
737 648 808 700 papa,

216 707 248 754 Et
263 705 368 755 fortasse
384 705 457 754 bonis
473 706 598 771 praecellis
615 722 673 755 eum
687 706 806 765 rationis;

216 779 276 826 Esse
292 777 351 826 facit
368 794 439 826 sanos
457 794 537 826 senno
553 790 610 827 tuus
626 789 651 826 et
667 778 733 826 scola
748 794 834 837 vanos,

216 849 343 898 Mellifluis
359 848 440 898 verbis
457 850 544 898 melius
561 849 602 898 das
619 850 680 899 scite
696 849 814 916 superbis,

218 921 298 970 Corda
315 920 419 987 superba
434 922 533 987 premis,
549 921 658 988 placidos
675 922 721 970 scis
738 920 826 970 ducere
842 922 922 970 remis.

554 1068 591 1116 ΠΙ

341 1212 342 1215 ,
395 1174 543 1218 ELOGIUM
564 1172 751 1217 CLUNIACUM

218 1286 309 1335 Vivere
327 1287 346 1334 si
363 1286 418 1351 quis
435 1297 507 1343 amat,
523 1284 605 1333 veniat
622 1284 743 1350 Sapientia
758 1285 861 1335 clamat:
932 1292 1003 1336 fitaav

218 1357 294 1405 Nunc
310 1357 341 1406 ad
357 1374 431 1423 aquas
447 1357 498 1406 vite
515 1357 634 1414 sicientes,
651 1371 705 1415 010,
721 1356 811 1416 venite,

218 1430 293 1478 Nunc
309 1430 368 1477 licet
383 1440 411 1477 ut
427 1429 502 1494 gnatis
518 1427 549 1477 de
564 1426 634 1476 fonte
648 1439 746 1493 patente
762 1427 858 1488 bibatis,

219 1501 285 1548 Fons
301 1512 369 1568 patet
385 1512 469 1567 optate
484 1498 620 1549 dulcedinis
636 1498 704 1548 urbis
719 1511 814 1559 amate3

219 1572 280 1620 Non
296 1588 360 1637 opus
377 1584 488 1638 argento,
505 1587 550 1620 nec
566 1575 673 1619 ovantut
688 1582 761 1619 eunte
776 1571 896 1638 iumento,

219 1644 309 1709 Pingui
324 1660 377 1692 non
393 1656 472 1703 tauro,
488 1660 541 1692 non
556 1653 625 1691 veste
640 1659 686 1691 nec
701 1653 752 1691 arte
767 1659 896 1712 necauro,

219 1714 322 1782 Absque
338 1714 395 1764 foto
411 1716 459 1764 late
474 1715 531 1764 fons
546 1715 592 1763 iste
607 1725 682 1781 patet,
697 1726 835 1781 properate,

220 1788 252 1834 Et
267 1785 316 1834 fuit
332 1798 369 1836 est
385 1798 409 1836 et
425 1787 479 1846 etit,
495 1786 549 1835 fota
564 1803 610 1834 nec
624 1783 751 1852 peieuntia
767 1788 863 1853 querit:

221 1859 271 1906 Cur
280 1858 343 1907 male
351 1870 432 1907 vestra
442 1858 512 1918 datis,
522 1874 566 1906 cur
574 1858 677 1925 perditis
686 1857 735 1906 hoc
744 1858 813 1924 quod
822 1859 907 1909 amatis
923 1860 935 1908 ?

221 1930 328 1978 Tantum
339 1927 457 1980 sudorem
470 1946 514 1979 cur
528 1929 632 1979 funditis
648 1930 846 1995 atquelaborem
861 1931 872 1979 ?

221 2001 329 2050 Tollitur
343 2002 410 2051 unde
426 2002 478 2051 sitis
494 2019 546 2050 non
561 2013 642 2051 vestra
657 2013 740 2067 potest
756 2002 813 2051 dare
827 2002 895 2063 vitis,

222 2073 291 2135 Quas
307 2073 385 2123 modo
401 2085 516 2141 potamus
533 2091 579 2122 nec
594 2090 657 2139 aque
673 2073 731 2122 dant
747 2090 778 2122 ne
794 2074 915 2134 siciamus,

222 2145 293 2192 Panis
310 2156 334 2193 et
349 2145 396 2194 iste
410 2144 493 2196 famen
508 2162 560 2194 non
575 2146 642 2194 tollit
658 2145 740 2194 dando
756 2146 880 2205 vivamen,

222 2216 283 2264 Non
300 2217 394 2265 sociant
409 2232 484 2284 panes
501 2218 544 2283 qui
561 2232 617 2284 sepe
633 2228 745 2266 teruntur
760 2218 852 2276 inanes,

223 2289 284 2336 Non
301 2288 474 2337 saturabuntur
490 2289 533 2354 qui
548 2305 611 2338 vana
626 2304 671 2355 per
685 2290 731 2337 ista
746 2288 866 2348 feruntur,

223 2360 277 2408 Nec
289 2359 341 2408 sitis
357 2359 467 2409 aufertur
482 2376 551 2409 mens
568 2360 667 2426 quando
682 2375 727 2428 per
742 2360 825 2410 infima
841 2360 925 2411 fertur.

224 2432 273 2478 Lac
289 2430 354 2479 dabo
370 2432 419 2481 mel
435 2433 530 2492 vinum,
546 2433 627 2482 civem
642 2432 730 2481 faciam
744 2432 910 2499 peregrinum,

225 2501 345 2551 Funditus
361 2515 484 2552 amentem
499 2503 552 2554 fieri
568 2504 632 2553 dabo
649 2520 708 2553 mox
724 2504 865 2571 sapientem,

226 2574 309 2623 Omne
325 2574 418 2640 pavibo
434 2575 530 2624 bonum
545 2576 681 2641 celesteque
697 2575 817 2642 dulceque
829 2575 932 2635 bonum,

187 2703 263 2734 9serm0
270 2704 309 2727 tort.
319 2704 340 2726 ex
351 2704 418 2735 sormo,
429 2705 441 2728 0
447 2700 522 2737 expuncto
531 2700 547 2727 et
554 2706 564 2727 e
572 2701 650 2737 suprascr.
687 2694 718 2735 111,
727 2705 747 2737 17
758 2694 825 2728 faciem.
868 2697 887 2728 18
899 2693 940 2729 aide·

153 2744 182 2772 tur
192 2740 261 2774 comite
273 2743 314 2774 inter
324 2740 403 2774 funditus
415 2748 430 2775 et
440 2750 527 2775 amentem
538 2753 576 2783 scr„
582 2742 624 2785 fort.
633 2742 682 2784 gloss.
