2068 3216
200 155 250 203 268,

482 241 600 276 rutrum
615 228 651 276 111

198 369 326 418 Acctescat
342 370 387 418 tibi
403 369 464 436 quid
480 370 500 418 si
516 385 616 434 quaeras
632 371 799 432 emolumenti,

248 440 324 503 Quod
340 441 385 490 tibi
400 442 441 489 vel
457 441 552 489 minimi
568 441 670 491 confero
686 443 721 490 nil
736 443 828 510 precii;
874 460 875 464 ¹
909 453 910 456 ’

199 513 280 560 Immo
296 514 339 579 qui
356 512 424 579 quod
440 512 512 562 habet
528 512 631 574 confert,
648 514 688 562 hic
704 514 755 563 iure
770 515 854 564 vocari

248 584 282 632 Ni
298 586 388 651 duplex
402 584 476 633 fuerit
492 583 621 633 munificus
637 585 735 651 poterit.

187 656 304 705 -Diuitias
321 674 368 723 ego
384 655 508 723 possideo,
524 655 603 705 fateor
618 656 671 716 tibi,
688 658 782 707 nullas:

247 729 350 794 Argenti
366 727 438 776 nitidi
453 728 524 795 copia
540 728 607 776 nulla
622 729 692 788 mihi,

199 801 259 849 Non
275 800 327 849 auri
344 816 415 866 gazae
431 816 476 848 nec
492 816 570 866 opum
585 800 681 848 diuersa
697 801 812 867 supellex,

249 873 298 921 Has
315 872 376 920 olim
392 871 467 919 tineas
483 872 603 937 proposui
619 871 712 938 fugere,

200 943 266 1005 Quas
284 943 326 1009 qui
341 943 462 1002 nutrierit,
478 943 566 991 merito
583 943 683 992 rodetur
698 943 728 991 ab
744 944 800 1003 illis,

249 1016 369 1064 Somnum
383 1014 513 1080 tranquille
529 1031 574 1063 nec
589 1015 681 1080 poterit
696 1031 788 1081 capere.
859 1029 861 1035 “

200 1087 261 1136 Sunt
277 1100 358 1135 tamen
373 1099 398 1135 ar
413 1103 503 1153 paucae
519 1103 578 1151 quas
594 1087 684 1152 collegi
700 1086 761 1135 mihi
776 1088 861 1147 micae,

248 1159 327 1207 Multa
342 1158 388 1207 tibi
404 1173 509 1223 quarum
523 1159 594 1224 copia
610 1170 705 1207 constat
722 1174 806 1223 opum,

200 1230 267 1292 Quas
284 1247 335 1279 non
351 1245 429 1295 erugo
444 1229 510 1277 tollit
526 1246 605 1295 neque
621 1229 661 1278 fut
676 1246 755 1295 neque
770 1230 870 1296 praedo,
909 1239 921 1274 f.
935 1251 984 1275 nur

248 1302 294 1350 His
308 1318 447 1350 memorum
460 1317 580 1350 memores
595 1300 656 1350 dum
668 1313 737 1350 vacat
751 1319 802 1350 esse
816 1318 908 1361 sumus,

188 1374 261 1422 -Sunt
276 1374 381 1422 iocunda
397 1373 457 1421 viris
474 1389 579 1437 quarum
593 1373 739 1422 commercia
756 1373 834 1422 doctis
845 1387 862 1423 τ’

249 1446 314 1494 Hinc
329 1445 360 1494 ad
376 1457 400 1493 te
416 1461 501 1492 raucus
518 1445 586 1492 hicce
603 1457 673 1493 sonat
689 1445 801 1494 calamus.

199 1518 289 1581 Pagina
304 1518 443 1584 priscorum
458 1516 539 1564 brevis
556 1515 614 1564 haec
630 1528 749 1565 memorat
766 1517 901 1582 sapientum

248 1588 361 1637 Moribus
377 1605 405 1636 ac
421 1588 492 1636 dictis
509 1588 539 1636 de
555 1588 763 1647 memorabilibus,
815 1621 816 1624 =
865 1628 866 1632 ,
908 1597 910 1630 ὶ

200 1660 270 1722 Quos
288 1661 307 1708 si
324 1660 455 1708 contuleris
472 1660 550 1707 nostri
567 1659 714 1725 sapientibus
731 1660 778 1719 evi,

247 1732 297 1781 Vix
312 1731 389 1780 modo
406 1732 446 1779 cui
461 1747 554 1779 nomen
569 1743 689 1796 congruat
704 1732 821 1781 inveniat.

199 1805 265 1852 Nam
280 1804 335 1869 quis
348 1803 394 1852 erit
407 1819 482 1869 quem
493 1819 546 1851 non
556 1803 683 1869 perturbet
694 1803 776 1870 passio
789 1802 897 1868 quaevis,

247 1876 293 1935 Ira,
309 1875 410 1943 cupido,
427 1887 514 1933 metus,
531 1886 572 1922 aut
588 1891 650 1940 vaga
665 1874 786 1923 laeticia?

199 1948 361 2012 Nequaquam
377 1946 462 2011 recipit
479 1947 541 1994 sicut
556 1945 629 1994 refert
646 1946 760 2012 sapientis

248 2019 298 2067 Has
314 2018 409 2066 animus
419 2018 502 2082 quod,
518 2029 602 2065 utrum
617 2017 688 2066 futile
704 2018 735 2066 sit
750 2017 841 2066 videas.

201 2090 267 2139 Scito
284 2090 403 2138 Siracusas
420 2088 538 2137 Marcello
554 2089 655 2137 consule
671 2100 768 2154 captas:

246 2161 405 2210 Archimedes
422 2161 482 2208 civis
498 2160 563 2209 illius
580 2160 647 2208 urbis
664 2172 713 2208 erat

200 2234 301 2298 Quique
316 2233 405 2281 domus
420 2232 534 2299 propriae
551 2232 657 2280 cinerem
671 2231 792 2280 verrendo
808 2230 893 2296 figuris

248 2306 295 2353 Pro
311 2303 406 2353 foribus
423 2303 507 2362 stabat,
524 2319 582 2351 nam
597 2314 722 2369 geometer
738 2314 795 2362 erat,

200 2377 245 2424 Cui
262 2377 331 2424 miles
347 2375 433 2442 rapido
449 2374 596 2423 furibundus
612 2386 726 2441 pertonat
742 2391 792 2434 ore,

248 2448 339 2496 Dextra
355 2447 494 2496 districtum
509 2447 650 2495 concutiens
668 2446 793 2511 gladium:

200 2519 274 2581 «Qui
291 2519 362 2566 uultu
379 2518 478 2585 stupido
494 2531 569 2566 terrae
585 2517 703 2585 proclivis
718 2516 822 2576 inheres,

248 2590 357 2639 Censeris
374 2589 458 2656 profer
474 2590 574 2638 nomine
591 2606 641 2655 quo
658 2604 762 2655 propere
771 2606 803 2647 »;

164 2720 183 2751 14
195 2709 286 2752 potentin
297 2720 329 2742 ras.
380 2707 399 2741 16
412 2718 495 2751 quarum:
507 2714 609 2751 usuprascr.
660 2710 678 2740 18
696 2701 746 2741 vacet
763 2717 801 2740 corr.
819 2717 840 2739 ex
852 2712 912 2739 vocat„

129 2768 149 2801 19
162 2758 223 2799 (sunlt,
235 2756 351 2798 (commercia
362 2757 421 2789 iuras.
472 2766 490 2798 35
504 2754 621 2798 (procli).(vis)
632 2766 665 2789 ras.
