2068 3216
198 120 246 181 256

473 208 592 242 naissum
611 195 634 241 ΙΙ

195 334 258 383 Ocia
273 335 379 384 vitamus
395 336 453 401 quia
469 347 525 384 sunt
541 336 629 385 studiis
645 336 750 396 inimica,

244 406 306 455 Ocia
321 407 451 473 proposito
468 418 524 456 sunt
539 407 637 456 inimica
653 407 729 467 bono,

196 478 282 526 Hostis
298 494 330 527 ne
345 479 445 544 laqueus
461 490 570 528 mentem
585 479 681 544 laqueet
695 479 813 540 feriatam,
847 530 849 533 ,

244 550 326 598 Hamo
342 566 374 598 ne
389 549 431 599 fiat
448 551 527 599 saucia
542 550 669 610 vulnifico,

196 621 308 687 Occupet
324 621 386 670 hanc
402 621 497 670 sceleris
514 638 545 670 nc
561 622 660 671 sordida
675 623 757 689 passio
773 624 858 689 turpis,

243 693 328 741 Virtus
345 705 482 752 marcescat,
498 693 604 758 pullulet
619 705 644 742 et
658 695 749 743 vitium
758 713 776 747 ι,

197 763 329 813 Scribimus
345 764 446 824 idcirco,
463 765 598 814 stabilimus
615 781 658 814 cor
673 765 822 826 meditando,

243 836 326 885 inflari
342 849 450 886 mentem
465 853 496 885 ne
512 837 573 886 velit
589 837 759 903 opprimimus.

195 907 310 974 Denique
326 908 364 957 vis
380 908 482 967 animae,
500 908 584 958 subtili
599 908 651 957 fota
667 909 754 968 calore,

245 979 345 1046 Cogitat
361 991 402 1028 aut
417 980 498 1029 lucem
512 980 604 1045 iugiter
619 992 660 1029 aut
676 980 803 1039 tenebras;

196 1050 271 1100 Nulla
287 1051 356 1116 quies
371 1052 417 1111 illi,
433 1051 528 1100 dederis
544 1052 592 1100 nisi
608 1052 716 1100 membra
732 1053 824 1119 sopori,

244 1124 298 1172 Nec
314 1122 429 1172 cohibere
444 1123 510 1172 vales
528 1123 548 1172 si
564 1122 679 1172 cohibere
694 1123 763 1173 velis.

197 1193 256 1242 Esse
272 1211 317 1243 nec
333 1194 426 1244 infitior
443 1212 505 1260 quos
521 1194 600 1244 laudis
617 1195 698 1260 inepta
714 1195 805 1263 cupido

244 1266 347 1332 Instiget
363 1266 436 1315 variis
454 1266 557 1315 scribere
573 1267 650 1315 multa
665 1266 763 1317 modis:

196 1335 250 1385 Nos
267 1354 312 1387 nec
327 1338 445 1404 gloriolas
461 1339 532 1404 vulgi
548 1349 672 1404 captamus
688 1339 779 1398 inanes

245 1409 351 1458 Ostendi
367 1421 438 1458 tenso
453 1426 499 1458 nec
514 1410 627 1476 cupimus
644 1409 732 1475 digito.

197 1479 236 1527 En
251 1481 313 1529 mihi
330 1480 453 1531 scribendi
466 1480 541 1530 fuerit
557 1497 618 1547 quae
634 1498 704 1529 causa
720 1482 803 1540 retexi,
879 1533 880 1536 ,

244 1552 356 1602 invidiae
371 1553 427 1602 rodi
443 1552 515 1602 dente
530 1552 619 1602 timens
637 1553 718 1618 opico.

197 1621 222 1670 Si
238 1624 276 1672 vis
293 1625 366 1673 mitto
382 1625 435 1683 tibi,
453 1625 570 1690 quoniam
585 1638 663 1690 nuper
678 1624 781 1689 peciisti,

244 1695 332 1744 Libros
350 1695 447 1762 digessi,
457 1712 519 1761 quos
536 1695 740 1745 memorabilium.

462 1847 611 1891 EPISTULA
626 1847 648 1890 II

422 1943 468 1986 AD
484 1943 686 1987 BERNARDUM

195 2056 243 2104 Pro
260 2054 360 2112 meritis,
377 2051 506 2111 Bernarde,
522 2053 570 2101 tuis
587 2051 633 2101 tibi
648 2052 722 2102 verba
738 2053 821 2102 salutis

244 2126 349 2174 Paucula
365 2123 488 2173 Rodulfus
504 2135 605 2172 annotat
621 2125 672 2189 ipse
688 2136 752 2173 tuus

196 2198 242 2246 His
258 2197 311 2246 veri
326 2197 419 2264 poteris
436 2212 585 2261 cognoscere
601 2212 662 2260 quae
679 2196 710 2244 sit
725 2196 816 2244 amoris

245 2269 337 2327 Gratia,
354 2283 415 2332 quae
430 2267 518 2316 vinclis
535 2268 671 2315 conseritur
686 2267 782 2316 validis.

195 2342 268 2393 Fama
283 2339 324 2389 vel
340 2355 414 2387 censu
430 2339 476 2387 tibi
493 2339 524 2387 sit
540 2339 560 2386 si
575 2354 668 2404 pauper
684 2339 783 2397 amicus,

244 2411 305 2461 Non
320 2411 454 2478 asperneris
471 2409 544 2469 hunc,
561 2421 690 2476 reputesve
705 2410 798 2468 nichil;

197 2484 221 2532 Si
238 2484 269 2531 sit
285 2498 344 2541 rara,
360 2493 405 2530 tuo
422 2482 442 2530 si
457 2481 524 2530 nulla
539 2482 642 2548 pecunia
658 2498 722 2541 caro,

246 2555 328 2617 Quam
343 2554 421 2602 valeat
438 2553 514 2601 causis
532 2553 685 2618 suppeditare
701 2553 757 2611 tuis,
912 2561 924 2597 f.
937 2562 982 2597 106v

161 2685 190 2717 155
204 2673 257 2717 (f0)ta
267 2675 284 2707 in
295 2684 335 2713 rasi,
346 2670 368 2705 al.
378 2683 420 2705 aaran.
463 2670 585 2714 zRodulphus
594 2670 633 2705 Ball.
643 2666 802 2715 Radulphusjanal.
845 2682 855 2713 7
865 2671 911 2714 (tu)o

124 2724 141 2756 in
153 2733 185 2756 ras.
237 2720 345 2764 (pelicania)
359 2730 391 2753 ras.
