2068 3216
287 232 321 264 DE
337 232 545 265 neutonam-risus
561 219 579 265 Ι.
602 234 614 263 a
635 246 651 253 -
669 219 688 266 I.
708 234 718 279 3

147 359 281 406 Hunorum
295 359 406 424 pulcram
421 359 571 407 truculentus
588 375 630 407 rex
645 360 786 425 Aquileiam

195 429 274 478 Annis
292 430 389 481 obsedit
405 430 486 479 Attila
496 446 573 496 paene
588 431 666 479 tribu-s
675 450 684 490 Ἰ;

146 502 246 568 Iamque
262 501 368 567 fatigatis
385 502 529 551 exercitibus
545 502 616 550 famis
629 514 698 551 estus

195 574 298 621 Brumae
313 573 425 639 frigentis
443 585 515 639 arque
531 573 614 623 labore
630 574 690 633 sitis,

146 645 255 693 Invictos
268 661 313 693 nec
323 660 398 710 posse
410 645 467 711 capi
484 646 553 694 miles
569 645 623 694 fore
639 662 723 694 muros

194 716 330 764 Proclamat
342 717 412 765 cives
429 717 518 765 robore
532 717 695 782 praevalidos,

147 788 223 836 Tedia
238 799 364 836 tantorum
380 806 405 836 se
421 788 484 836 ferre
499 789 601 856 nequire
617 788 737 848 laborum,

195 859 296 918 Imbres,
313 861 440 918 aesuriem,
457 877 549 919 cauma,
563 860 707 927 nothosque
720 861 822 919 nivcm;

146 931 244 979 Accidit
260 931 350 979 interea
362 931 435 998 ¹quod
448 932 528 979 multa
543 932 637 981 ciconia
650 943 705 980 tota

195 1005 216 1051 E
233 1002 296 1050 nidis
313 1003 395 1067 puiios
411 1002 485 1056 ferret
501 1002 531 1051 ab
547 1003 608 1051 urbe
625 1020 698 1053 suos:

147 1076 213 1122 Haec
229 1074 272 1122 ubi
288 1090 330 1122 rex
345 1074 416 1133 vidit,
435 1075 527 1122 «miles
543 1075 621 1140 piger,
638 1075 749 1141 aspice»,
766 1074 835 1134 dixit,

195 1146 313 1194 «Urbem
327 1162 400 1210 posse
412 1146 470 1211 capi
485 1145 589 1211 perfuga
602 1146 685 1211 signat
701 1147 769 1198 avis:

146 1218 241 1266 Atterat
258 1234 289 1265 en
304 1218 364 1266 aries
376 1217 471 1265 crebris
488 1217 617 1268 assultibus
634 1234 708 1276 arces,

195 1289 254 1337 Tela
270 1306 351 1348 manu,
366 1289 447 1347 ¹miles,
464 1289 550 1354 arripe,
566 1306 629 1338 voce
644 1301 711 1348 tona,

147 1362 283 1425 Concrepet
299 1361 399 1408 intotis
416 1376 528 1409 murmur
543 1360 679 1409 resonabiie
695 1361 786 1420 castris,

196 1432 356 1480 Cornicinum
372 1432 441 1480 scalis
455 1432 555 1483 moenia
572 1432 667 1491 scande,
680 1432 775 1497 pedes3

147 1505 237 1552 Hostes
254 1521 267 1551 a
284 1504 359 1553 muris
375 1504 443 1551 iactis
455 1515 537 1553 arcete
551 1503 655 1569 sagittis,

195 1575 284 1623 Audax
298 1575 411 1625 traiectus
424 1575 533 1642 ⁴quisque
546 1586 602 1626 ruat
615 1575 726 1623 iaculis»
738 1576 743 1624 i

147 1647 220 1712 Regis
238 1646 356 1695 mandatis
372 1662 467 1711 parens,
484 1647 602 1701 exereitus
613 1647 699 1695 omnis

195 1719 282 1783 Longa
297 1718 347 1768 iam
361 1717 439 1766 fessos
451 1717 587 1766 obsidione
598 1718 675 1783 capit.

147 1789 251 1838 Garrula
263 1789 380 1838 ¹Cadmeis
397 1806 440 1837 sua
454 1791 552 1855 Progne
569 1789 674 1837 condere
689 1790 758 1838 tectis

196 1861 270 1909 Tecta
285 1860 358 1926 fugit,
369 1862 487 1928 quamvis
505 1861 581 1911 multa
592 1860 734 1927 frequentet
749 1861 810 1920 avis,

146 1933 200 1981 Nec
215 1948 316 1997 praepes
333 1944 413 1981 rostro
426 1933 572 1997 perstringit
588 1931 684 1980 methus
701 1932 797 1980 adunco

196 2004 286 2052 Tereus
303 2016 344 2052 aut
354 2004 441 2052 curvis
453 2003 583 2069 unguibus
599 2003 656 2054 inde
671 2002 758 2069 fugat3
895 2015 909 2050 f.
921 2017 930 2049 t

147 2074 194 2123 Sed
211 2076 312 2123 miserae
329 2074 427 2124 Thebae
443 2075 529 2124 crebro
546 2076 689 2142 qtratiuntur
704 2075 734 2123 ab
750 2075 829 2134 hoste,

195 2146 267 2195 Unde
283 2146 423 2211 frequenter
440 2164 478 2194 eas
496 2147 598 2195 devorat
613 2147 677 2211 ignis
694 2146 762 2195 edax.

401 2301 445 2343 DE
462 2301 607 2344 SOMPNIIS

495 2416 505 2460 3

148 2509 208 2556 Sunt
225 2507 315 2555 somnii
332 2506 420 2571 speties
437 2506 557 2564 insonnia,
575 2506 668 2564 sunnia,
684 2506 774 2564 visum,

196 2579 268 2627 Visio
285 2595 327 2626 seu
337 2578 454 2625 oraclum
470 2577 512 2625 sed
529 2577 579 2624 duo
595 2577 684 2625 friuola
701 2589 773 2631 sunt;

111 2708 143 2738 244
155 2696 204 2730 miles
212 2696 267 2739 arripe
275 2698 291 2729 in
298 2707 330 2729 ras.
339 2695 360 2729 al.
369 2706 410 2728 mara
459 2707 468 2727 2
471 2706 490 2738 53
503 2694 572 2728 metitus
585 2710 602 2722 =
613 2703 675 2728 metus.

113 2756 127 2788 3,
142 2756 148 2778 1
163 2744 277 2787 (inson).(nia)
289 2755 321 2777 ras.
334 2743 432 2787 (son).(nia)
444 2753 477 2777 ras.
