<?xml version="1.0" encoding="UTF-8"?>
<!DOCTYPE html PUBLIC "-//W3C//DTD XHTML 1.0 Transitional//EN"
    "http://www.w3.org/TR/xhtml1/DTD/xhtml1-transitional.dtd">
<html xmlns="http://www.w3.org/1999/xhtml" xml:lang="en" lang="en">
 <head>
  <title>
</title>
<meta http-equiv="Content-Type" content="text/html;charset=utf-8" />
  <meta name='ocr-system' content='tesseract 3.04.00' />
  <meta name='ocr-capabilities' content='ocr_page ocr_carea ocr_par ocr_line ocrx_word'/>
</head>
<body>
  <div class='ocr_page' id='page_1' title='image "MN40034ucmf_3_0307.png"; bbox 0 0 2068 3216; ppageno 0'>
   <div class='ocr_carea' id='block_1_1' title="bbox 125 2521 132 2554">
    <p class='ocr_par' dir='ltr' id='par_1_1' title="bbox 125 2521 132 2554">
     <span class='ocr_line' id='line_1_1' title="bbox 125 2521 132 2554; baseline 0 0"><span class='ocrx_word' id='word_1_1' title='bbox 125 2521 132 2554; x_wconf 84' lang='lat'><em>5</em></span> 
     </span>
    </p>
   </div>
   <div class='ocr_carea' id='block_1_2' title="bbox 205 154 796 273">
    <p class='ocr_par' dir='ltr' id='par_1_2' title="bbox 205 154 796 273">
     <span class='ocr_line' id='line_1_2' title="bbox 205 154 796 273; baseline -0.002 -13"><span class='ocrx_word' id='word_1_2' title='bbox 205 154 256 201; x_wconf 62' lang='lat'><strong>230</strong></span> <span class='ocrx_word' id='word_1_3' title='bbox 325 228 360 260; x_wconf 84' lang='lat' dir='ltr'><strong>DE</strong></span> <span class='ocrx_word' id='word_1_4' title='bbox 375 226 583 260; x_wconf 75' lang='lat' dir='ltr'><strong>uuuoxamtmus</strong></span> <span class='ocrx_word' id='word_1_5' title='bbox 598 212 644 260; x_wconf 89' lang='lat' dir='ltr'><strong>IX.</strong></span> <span class='ocrx_word' id='word_1_6' title='bbox 665 229 673 273; x_wconf 84' lang='lat'>5</span> <span class='ocrx_word' id='word_1_7' title='bbox 693 240 702 247; x_wconf 92' lang='lat'><em>-</em></span> <span class='ocrx_word' id='word_1_8' title='bbox 718 212 764 259; x_wconf 85' lang='lat' dir='ltr'><strong>IX.</strong></span> <span class='ocrx_word' id='word_1_9' title='bbox 782 211 796 259; x_wconf 88' lang='lat'>6</span> 
     </span>
    </p>
   </div>
   <div class='ocr_carea' id='block_1_3' title="bbox 205 353 964 1925">
    <p class='ocr_par' dir='ltr' id='par_1_3' title="bbox 206 353 900 489">
     <span class='ocr_line' id='line_1_3' title="bbox 206 353 900 421; baseline -0.001 -18"><span class='ocrx_word' id='word_1_10' title='bbox 206 354 287 403; x_wconf 87' lang='lat' dir='ltr'><strong>Verba</strong></span> <span class='ocrx_word' id='word_1_11' title='bbox 303 354 406 421; x_wconf 86' lang='lat' dir='ltr'><strong>superba</strong></span> <span class='ocrx_word' id='word_1_12' title='bbox 422 354 512 403; x_wconf 85' lang='lat' dir='ltr'><strong>nimis:</strong></span> <span class='ocrx_word' id='word_1_13' title='bbox 528 353 594 402; x_wconf 92' lang='lat' dir='ltr'><strong>hunc</strong></span> <span class='ocrx_word' id='word_1_14' title='bbox 609 354 727 421; x_wconf 82' lang='lat' dir='ltr'>praecipis</span> <span class='ocrx_word' id='word_1_15' title='bbox 743 354 795 421; x_wconf 91' lang='lat' dir='ltr'><strong>ipse</strong></span> <span class='ocrx_word' id='word_1_16' title='bbox 811 354 900 413; x_wconf 88' lang='lat' dir='ltr'><strong>necari,</strong></span> 
     </span>
     <span class='ocr_line' id='line_1_4' title="bbox 256 425 801 489; baseline 0 -15"><span class='ocrx_word' id='word_1_17' title='bbox 256 426 338 489; x_wconf 91' lang='lat' dir='ltr'><strong>Quem</strong></span> <span class='ocrx_word' id='word_1_18' title='bbox 352 436 376 474; x_wconf 87' lang='lat' dir='ltr'><strong>te</strong></span> <span class='ocrx_word' id='word_1_19' title='bbox 392 425 529 474; x_wconf 77' lang='lat' dir='ltr'><strong>dissimulas</strong></span> <span class='ocrx_word' id='word_1_20' title='bbox 546 426 615 485; x_wconf 90' lang='lat' dir='ltr'><strong>scire,</strong></span> <span class='ocrx_word' id='word_1_21' title='bbox 631 437 728 474; x_wconf 86' lang='lat' dir='ltr'><strong>senator</strong></span> <span class='ocrx_word' id='word_1_22' title='bbox 744 437 801 475; x_wconf 90' lang='lat' dir='ltr'><strong>erat.</strong></span> 
     </span>
    </p>

    <p class='ocr_par' dir='ltr' id='par_1_4' title="bbox 205 496 850 635">
     <span class='ocr_line' id='line_1_5' title="bbox 205 496 792 563; baseline 0 -18"><span class='ocrx_word' id='word_1_23' title='bbox 205 497 297 546; x_wconf 87' lang='lat' dir='ltr'><strong>Prestat</strong></span> <span class='ocrx_word' id='word_1_24' title='bbox 312 496 453 546; x_wconf 88' lang='lat' dir='ltr'><strong>Alexandro</strong></span> <span class='ocrx_word' id='word_1_25' title='bbox 469 497 552 563; x_wconf 89' lang='lat' dir='ltr'><strong>regina</strong></span> <span class='ocrx_word' id='word_1_26' title='bbox 569 497 682 562; x_wconf 85' lang='lat' dir='ltr'><strong>superbia</strong></span> <span class='ocrx_word' id='word_1_27' title='bbox 697 497 792 562; x_wconf 88' lang='lat' dir='ltr'><strong>Magno</strong></span> 
     </span>
     <span class='ocr_line' id='line_1_6' title="bbox 254 568 850 635; baseline 0.002 -18"><span class='ocrx_word' id='word_1_28' title='bbox 254 569 338 617; x_wconf 83' lang='lat' dir='ltr'><strong>Fastus</strong></span> <span class='ocrx_word' id='word_1_29' title='bbox 354 568 385 617; x_wconf 92' lang='lat' dir='ltr'><strong>ad</strong></span> <span class='ocrx_word' id='word_1_30' title='bbox 402 584 526 617; x_wconf 88' lang='lat' dir='ltr'><strong>summum</strong></span> <span class='ocrx_word' id='word_1_31' title='bbox 541 583 614 635; x_wconf 90' lang='lat' dir='ltr'><strong>posse</strong></span> <span class='ocrx_word' id='word_1_32' title='bbox 629 569 714 618; x_wconf 79' lang='lat' dir='ltr'><strong>venire</strong></span> <span class='ocrx_word' id='word_1_33' title='bbox 730 568 850 634; x_wconf 88' lang='lat' dir='ltr'><strong>gradum;</strong></span> 
     </span>
    </p>

    <p class='ocr_par' dir='ltr' id='par_1_5' title="bbox 205 638 893 778">
     <span class='ocr_line' id='line_1_7' title="bbox 205 638 808 707; baseline 0.002 -19"><span class='ocrx_word' id='word_1_34' title='bbox 205 640 271 689; x_wconf 89' lang='lat' dir='ltr'><strong>Nam</strong></span> <span class='ocrx_word' id='word_1_35' title='bbox 285 638 395 689; x_wconf 89' lang='lat' dir='ltr'><strong>fastidito</strong></span> <span class='ocrx_word' id='word_1_36' title='bbox 410 640 513 707; x_wconf 90' lang='lat' dir='ltr'><strong>proprio</strong></span> <span class='ocrx_word' id='word_1_37' title='bbox 528 651 597 705; x_wconf 88' lang='lat' dir='ltr'><strong>patre</strong></span> <span class='ocrx_word' id='word_1_38' title='bbox 612 655 669 706; x_wconf 88' lang='lat' dir='ltr'><strong>rege</strong></span> <span class='ocrx_word' id='word_1_39' title='bbox 685 640 808 707; x_wconf 87' lang='lat' dir='ltr'><strong>Philippo,</strong></span> 
     </span>
     <span class='ocr_line' id='line_1_8' title="bbox 254 711 893 778; baseline 0 -19"><span class='ocrx_word' id='word_1_40' title='bbox 254 711 352 760; x_wconf 90' lang='lat' dir='ltr'><strong>«Filius</strong></span> <span class='ocrx_word' id='word_1_41' title='bbox 368 711 499 760; x_wconf 84' lang='lat' dir='ltr'><strong>Ammonis</strong></span> <span class='ocrx_word' id='word_1_42' title='bbox 516 728 571 760; x_wconf 91' lang='lat' dir='ltr'><strong>sum</strong></span> <span class='ocrx_word' id='word_1_43' title='bbox 586 713 654 761; x_wconf 86' lang='lat' dir='ltr'><strong>Iovis</strong></span> <span class='ocrx_word' id='word_1_44' title='bbox 663 730 687 772; x_wconf 81' lang='lat'><strong>›&gt;‚</strong></span> <span class='ocrx_word' id='word_1_45' title='bbox 703 711 764 772; x_wconf 86' lang='lat' dir='ltr'><strong>infit,</strong></span> <span class='ocrx_word' id='word_1_46' title='bbox 781 729 851 778; x_wconf 84' lang='lat' dir='ltr'><strong>«ego</strong></span> <span class='ocrx_word' id='word_1_47' title='bbox 860 729 893 771; x_wconf 81' lang='lat'><strong>»3</strong></span> 
     </span>
    </p>

    <p class='ocr_par' dir='ltr' id='par_1_6' title="bbox 205 782 894 922">
     <span class='ocr_line' id='line_1_9' title="bbox 205 782 894 851; baseline 0.001 -20"><span class='ocrx_word' id='word_1_48' title='bbox 205 782 289 832; x_wconf 90' lang='lat' dir='ltr'><strong>Mores</strong></span> <span class='ocrx_word' id='word_1_49' title='bbox 306 783 441 833; x_wconf 89' lang='lat' dir='ltr'><strong>Graiorum</strong></span> <span class='ocrx_word' id='word_1_50' title='bbox 455 795 583 850; x_wconf 84' lang='lat' dir='ltr'><strong>tempnens</strong></span> <span class='ocrx_word' id='word_1_51' title='bbox 599 784 742 851; x_wconf 89' lang='lat' dir='ltr'><strong>cultumque</strong></span> <span class='ocrx_word' id='word_1_52' title='bbox 757 795 894 850; x_wconf 86' lang='lat' dir='ltr'><strong>paternum,</strong></span> 
     </span>
     <span class='ocr_line' id='line_1_10' title="bbox 254 854 780 922; baseline -0.002 -18"><span class='ocrx_word' id='word_1_53' title='bbox 254 854 353 904; x_wconf 86' lang='lat' dir='ltr'><strong>Morem</strong></span> <span class='ocrx_word' id='word_1_54' title='bbox 368 856 494 904; x_wconf 75' lang='lat' dir='ltr'><strong>Persarum</strong></span> <span class='ocrx_word' id='word_1_55' title='bbox 511 855 612 922; x_wconf 86' lang='lat' dir='ltr'><strong>suscipit</strong></span> <span class='ocrx_word' id='word_1_56' title='bbox 627 872 655 904; x_wconf 90' lang='lat' dir='ltr'><strong>ac</strong></span> <span class='ocrx_word' id='word_1_57' title='bbox 671 855 780 914; x_wconf 88' lang='lat' dir='ltr'><strong>abitum;</strong></span> 
     </span>
    </p>

    <p class='ocr_par' dir='ltr' id='par_1_7' title="bbox 205 926 852 1048">
     <span class='ocr_line' id='line_1_11' title="bbox 205 926 852 993; baseline 0.002 -19"><span class='ocrx_word' id='word_1_58' title='bbox 205 926 312 993; x_wconf 88' lang='lat' dir='ltr'><strong>Arrogat</strong></span> <span class='ocrx_word' id='word_1_59' title='bbox 328 938 353 975; x_wconf 92' lang='lat' dir='ltr'><strong>et</strong></span> <span class='ocrx_word' id='word_1_60' title='bbox 367 943 460 975; x_wconf 87' lang='lat' dir='ltr'><strong>nomen</strong></span> <span class='ocrx_word' id='word_1_61' title='bbox 476 926 522 975; x_wconf 88' lang='lat' dir='ltr'><strong>sibi</strong></span> <span class='ocrx_word' id='word_1_62' title='bbox 539 927 653 975; x_wconf 90' lang='lat' dir='ltr'><strong>divinum</strong></span> <span class='ocrx_word' id='word_1_63' title='bbox 667 927 707 975; x_wconf 87' lang='lat' dir='ltr'><strong>vel</strong></span> <span class='ocrx_word' id='word_1_64' title='bbox 723 926 852 986; x_wconf 83' lang='lat' dir='ltr'>honorem,</span> 
     </span>
     <span class='ocr_line' id='line_1_12' title="bbox 253 997 768 1048; baseline 0.002 -2"><span class='ocrx_word' id='word_1_65' title='bbox 253 998 373 1047; x_wconf 84' lang='lat' dir='ltr'><strong>Intumuit</strong></span> <span class='ocrx_word' id='word_1_66' title='bbox 388 997 459 1047; x_wconf 87' lang='lat' dir='ltr'><strong>fortis</strong></span> <span class='ocrx_word' id='word_1_67' title='bbox 475 997 513 1046; x_wconf 92' lang='lat' dir='ltr'><strong>his</strong></span> <span class='ocrx_word' id='word_1_68' title='bbox 529 998 607 1047; x_wconf 89' lang='lat' dir='ltr'><strong>tribus</strong></span> <span class='ocrx_word' id='word_1_69' title='bbox 622 999 664 1047; x_wconf 88' lang='lat' dir='ltr'><strong>ille</strong></span> <span class='ocrx_word' id='word_1_70' title='bbox 680 998 768 1048; x_wconf 89' lang='lat' dir='ltr'><strong>modis.</strong></span> 
     </span>
    </p>

    <p class='ocr_par' dir='ltr' id='par_1_8' title="bbox 205 1069 814 1209">
     <span class='ocr_line' id='line_1_13' title="bbox 205 1069 814 1130; baseline 0.002 -13"><span class='ocrx_word' id='word_1_71' title='bbox 205 1069 317 1119; x_wconf 78' lang='lat' dir='ltr'><strong>indicens</strong></span> <span class='ocrx_word' id='word_1_72' title='bbox 333 1070 427 1119; x_wconf 89' lang='lat' dir='ltr'><strong>bellum</strong></span> <span class='ocrx_word' id='word_1_73' title='bbox 442 1070 527 1118; x_wconf 78' lang='lat' dir='ltr'><strong>Grecis</strong></span> <span class='ocrx_word' id='word_1_74' title='bbox 544 1071 646 1130; x_wconf 78' lang='lat' dir='ltr'><strong>Xerxes,</strong></span> <span class='ocrx_word' id='word_1_75' title='bbox 662 1070 709 1119; x_wconf 92' lang='lat' dir='ltr'><strong>sibi</strong></span> <span class='ocrx_word' id='word_1_76' title='bbox 725 1069 814 1129; x_wconf 87' lang='lat' dir='ltr'><strong>dirum,</strong></span> 
     </span>
     <span class='ocr_line' id='line_1_14' title="bbox 255 1141 764 1209; baseline 0.002 -19"><span class='ocrx_word' id='word_1_77' title='bbox 255 1141 368 1191; x_wconf 88' lang='lat' dir='ltr'><strong>Collectis</strong></span> <span class='ocrx_word' id='word_1_78' title='bbox 384 1141 457 1190; x_wconf 87' lang='lat' dir='ltr'><strong>Asiae</strong></span> <span class='ocrx_word' id='word_1_79' title='bbox 471 1141 623 1209; x_wconf 89' lang='lat' dir='ltr'><strong>principibus</strong></span> <span class='ocrx_word' id='word_1_80' title='bbox 639 1142 764 1208; x_wconf 90' lang='lat' dir='ltr'><strong>loquitur:</strong></span> 
     </span>
    </p>

    <p class='ocr_par' dir='ltr' id='par_1_9' title="bbox 206 1213 867 1351">
     <span class='ocr_line' id='line_1_15' title="bbox 206 1213 867 1280; baseline 0.002 -20"><span class='ocrx_word' id='word_1_81' title='bbox 206 1213 294 1262; x_wconf 83' lang='lat' dir='ltr'><strong>«Usus</strong></span> <span class='ocrx_word' id='word_1_82' title='bbox 310 1230 342 1262; x_wconf 91' lang='lat' dir='ltr'><strong>ne</strong></span> <span class='ocrx_word' id='word_1_83' title='bbox 357 1213 460 1280; x_wconf 91' lang='lat' dir='ltr'><strong>proprio</strong></span> <span class='ocrx_word' id='word_1_84' title='bbox 476 1213 638 1280; x_wconf 89' lang='lat' dir='ltr'><strong>reprehendar</strong></span> <span class='ocrx_word' id='word_1_85' title='bbox 653 1230 699 1262; x_wconf 89' lang='lat' dir='ltr'><strong>vos</strong></span> <span class='ocrx_word' id='word_1_86' title='bbox 716 1230 764 1278; x_wconf 89' lang='lat' dir='ltr'><strong>ego</strong></span> <span class='ocrx_word' id='word_1_87' title='bbox 779 1224 867 1261; x_wconf 89' lang='lat' dir='ltr'><strong>nostro</strong></span> 
     </span>
     <span class='ocr_line' id='line_1_16' title="bbox 253 1284 803 1351; baseline 0 -18"><span class='ocrx_word' id='word_1_88' title='bbox 253 1285 373 1351; x_wconf 89' lang='lat' dir='ltr'><strong>Aggrego</strong></span> <span class='ocrx_word' id='word_1_89' title='bbox 388 1284 501 1344; x_wconf 89' lang='lat' dir='ltr'><strong>consili0,</strong></span> <span class='ocrx_word' id='word_1_90' title='bbox 518 1284 560 1333; x_wconf 91' lang='lat' dir='ltr'><strong>sed</strong></span> <span class='ocrx_word' id='word_1_91' title='bbox 576 1285 714 1333; x_wconf 88' lang='lat' dir='ltr'><strong>meminisse</strong></span> <span class='ocrx_word' id='word_1_92' title='bbox 729 1284 803 1334; x_wconf 87' lang='lat' dir='ltr'><strong>volo:</strong></span> 
     </span>
    </p>

    <p class='ocr_par' dir='ltr' id='par_1_10' title="bbox 205 1356 964 1494">
     <span class='ocr_line' id='line_1_17' title="bbox 205 1356 840 1423; baseline -0.002 -19"><span class='ocrx_word' id='word_1_93' title='bbox 205 1357 258 1404; x_wconf 88' lang='lat' dir='ltr'><strong>Vos</strong></span> <span class='ocrx_word' id='word_1_94' title='bbox 274 1371 358 1423; x_wconf 89' lang='lat' dir='ltr'><strong>parere</strong></span> <span class='ocrx_word' id='word_1_95' title='bbox 373 1356 451 1422; x_wconf 90' lang='lat' dir='ltr'><strong>magis</strong></span> <span class='ocrx_word' id='word_1_96' title='bbox 468 1356 528 1404; x_wconf 88' lang='lat' dir='ltr'><strong>mibi</strong></span> <span class='ocrx_word' id='word_1_97' title='bbox 545 1373 619 1422; x_wconf 86' lang='lat' dir='ltr'><strong>quam</strong></span> <span class='ocrx_word' id='word_1_98' title='bbox 635 1357 734 1405; x_wconf 88' lang='lat' dir='ltr'><strong>suadere</strong></span> <span class='ocrx_word' id='word_1_99' title='bbox 749 1356 840 1415; x_wconf 86' lang='lat' dir='ltr'><strong>licebit,</strong></span> 
     </span>
     <span class='ocr_line' id='line_1_18' title="bbox 254 1428 964 1494; baseline -0.003 -17"><span class='ocrx_word' id='word_1_100' title='bbox 254 1429 306 1477; x_wconf 86' lang='lat' dir='ltr'><strong>Rex</strong></span> <span class='ocrx_word' id='word_1_101' title='bbox 321 1445 369 1494; x_wconf 87' lang='lat' dir='ltr'><strong>ego</strong></span> <span class='ocrx_word' id='word_1_102' title='bbox 386 1445 441 1476; x_wconf 86' lang='lat' dir='ltr'><strong>sum</strong></span> <span class='ocrx_word' id='word_1_103' title='bbox 457 1430 549 1477; x_wconf 81' lang='lat' dir='ltr'><strong>Xerxes</strong></span> <span class='ocrx_word' id='word_1_104' title='bbox 565 1445 660 1493; x_wconf 78' lang='lat' dir='ltr'><strong>vosque</strong></span> <span class='ocrx_word' id='word_1_105' title='bbox 676 1428 725 1477; x_wconf 88' lang='lat' dir='ltr'><strong>mci</strong></span> <span class='ocrx_word' id='word_1_106' title='bbox 739 1442 852 1493; x_wconf 85' lang='lat' dir='ltr'><strong>proceres</strong></span> <span class='ocrx_word' id='word_1_107' title='bbox 861 1445 894 1486; x_wconf 81' lang='lat'><strong>»3</strong></span> <span class='ocrx_word' id='word_1_108' title='bbox 917 1437 964 1483; x_wconf 62' lang='lat'><strong>[97</strong></span> 
     </span>
    </p>

    <p class='ocr_par' dir='ltr' id='par_1_11' title="bbox 206 1499 823 1638">
     <span class='ocr_line' id='line_1_19' title="bbox 206 1499 823 1567; baseline -0.002 -19"><span class='ocrx_word' id='word_1_109' title='bbox 206 1499 309 1548; x_wconf 87' lang='lat' dir='ltr'><strong>Credere</strong></span> <span class='ocrx_word' id='word_1_110' title='bbox 324 1500 429 1548; x_wconf 89' lang='lat' dir='ltr'><strong>consilio</strong></span> <span class='ocrx_word' id='word_1_111' title='bbox 446 1500 503 1567; x_wconf 90' lang='lat' dir='ltr'><strong>quia</strong></span> <span class='ocrx_word' id='word_1_112' title='bbox 519 1510 641 1566; x_wconf 82' lang='lat' dir='ltr'><strong>spreverat</strong></span> <span class='ocrx_word' id='word_1_113' title='bbox 656 1499 823 1558; x_wconf 29' lang='lat' dir='ltr'><strong>illevsuorum,</strong></span> 
     </span>
     <span class='ocr_line' id='line_1_20' title="bbox 254 1571 720 1638; baseline -0.002 -18"><span class='ocrx_word' id='word_1_114' title='bbox 254 1572 340 1620; x_wconf 87' lang='lat' dir='ltr'><strong>Victus</strong></span> <span class='ocrx_word' id='word_1_115' title='bbox 358 1571 458 1637; x_wconf 88' lang='lat' dir='ltr'><strong>suffugit</strong></span> <span class='ocrx_word' id='word_1_116' title='bbox 473 1571 577 1638; x_wconf 86' lang='lat' dir='ltr'><strong>turpiter</strong></span> <span class='ocrx_word' id='word_1_117' title='bbox 591 1588 605 1619; x_wconf 93' lang='lat' dir='ltr'><strong>a</strong></span> <span class='ocrx_word' id='word_1_118' title='bbox 621 1572 720 1620; x_wconf 78' lang='lat' dir='ltr'><strong>Danais.</strong></span> 
     </span>
    </p>

    <p class='ocr_par' dir='ltr' id='par_1_12' title="bbox 205 1642 838 1781">
     <span class='ocr_line' id='line_1_21' title="bbox 205 1642 838 1710; baseline 0 -19"><span class='ocrx_word' id='word_1_119' title='bbox 205 1642 313 1691; x_wconf 85' lang='lat' dir='ltr'><strong>Annibal</strong></span> <span class='ocrx_word' id='word_1_120' title='bbox 329 1643 405 1691; x_wconf 87' lang='lat' dir='ltr'><strong>elatus</strong></span> <span class='ocrx_word' id='word_1_121' title='bbox 422 1643 561 1692; x_wconf 88' lang='lat' dir='ltr'><strong>Cannarum</strong></span> <span class='ocrx_word' id='word_1_122' title='bbox 575 1654 632 1710; x_wconf 91' lang='lat' dir='ltr'><strong>post</strong></span> <span class='ocrx_word' id='word_1_123' title='bbox 649 1658 722 1708; x_wconf 81' lang='lat' dir='ltr'><strong>grave</strong></span> <span class='ocrx_word' id='word_1_124' title='bbox 738 1642 838 1701; x_wconf 85' lang='lat' dir='ltr'><strong>bellum,</strong></span> 
     </span>
     <span class='ocr_line' id='line_1_22' title="bbox 254 1714 743 1781; baseline -0.002 -18"><span class='ocrx_word' id='word_1_125' title='bbox 254 1714 307 1764; x_wconf 90' lang='lat' dir='ltr'><strong>Nec</strong></span> <span class='ocrx_word' id='word_1_126' title='bbox 322 1714 388 1763; x_wconf 86' lang='lat' dir='ltr'><strong>cives</strong></span> <span class='ocrx_word' id='word_1_127' title='bbox 404 1715 486 1763; x_wconf 91' lang='lat' dir='ltr'><strong>castris</strong></span> <span class='ocrx_word' id='word_1_128' title='bbox 503 1714 603 1781; x_wconf 89' lang='lat' dir='ltr'><strong>suscipit</strong></span> <span class='ocrx_word' id='word_1_129' title='bbox 618 1715 669 1781; x_wconf 90' lang='lat' dir='ltr'><strong>ipse</strong></span> <span class='ocrx_word' id='word_1_130' title='bbox 686 1715 743 1774; x_wconf 89' lang='lat' dir='ltr'><strong>suis,</strong></span> 
     </span>
    </p>

    <p class='ocr_par' dir='ltr' id='par_1_13' title="bbox 206 1783 909 1925">
     <span class='ocr_line' id='line_1_23' title="bbox 206 1783 909 1853; baseline -0.001 -19"><span class='ocrx_word' id='word_1_131' title='bbox 206 1785 260 1834; x_wconf 88' lang='lat' dir='ltr'><strong>Nec</strong></span> <span class='ocrx_word' id='word_1_132' title='bbox 276 1801 391 1853; x_wconf 90' lang='lat' dir='ltr'><strong>responsa</strong></span> <span class='ocrx_word' id='word_1_133' title='bbox 406 1800 497 1852; x_wconf 88' lang='lat' dir='ltr'><strong>procax</strong></span> <span class='ocrx_word' id='word_1_134' title='bbox 512 1786 643 1853; x_wconf 88' lang='lat' dir='ltr'><strong>interprete</strong></span> <span class='ocrx_word' id='word_1_135' title='bbox 659 1785 699 1834; x_wconf 88' lang='lat' dir='ltr'><strong>dat</strong></span> <span class='ocrx_word' id='word_1_136' title='bbox 716 1786 767 1834; x_wconf 88' lang='lat' dir='ltr'><strong>sine</strong></span> <span class='ocrx_word' id='word_1_137' title='bbox 784 1783 909 1850; x_wconf 57' lang='lat' dir='ltr'><strong>quaevis‚&#39;&#39;</strong></span> 
     </span>
     <span class='ocr_line' id='line_1_24' title="bbox 256 1856 843 1925; baseline -0.003 -19"><span class='ocrx_word' id='word_1_138' title='bbox 256 1857 302 1906; x_wconf 86' lang='lat' dir='ltr'><strong>Sed</strong></span> <span class='ocrx_word' id='word_1_139' title='bbox 318 1868 401 1906; x_wconf 91' lang='lat' dir='ltr'><strong>tumor</strong></span> <span class='ocrx_word' id='word_1_140' title='bbox 416 1858 462 1906; x_wconf 89' lang='lat' dir='ltr'><strong>iste</strong></span> <span class='ocrx_word' id='word_1_141' title='bbox 477 1857 550 1917; x_wconf 89' lang='lat' dir='ltr'><strong>cadit,</strong></span> <span class='ocrx_word' id='word_1_142' title='bbox 567 1857 628 1906; x_wconf 93' lang='lat' dir='ltr'><strong>dum</strong></span> <span class='ocrx_word' id='word_1_143' title='bbox 643 1868 768 1925; x_wconf 90' lang='lat' dir='ltr'><strong>superatus</strong></span> <span class='ocrx_word' id='word_1_144' title='bbox 785 1856 843 1905; x_wconf 89' lang='lat' dir='ltr'><strong>abit.</strong></span> 
     </span>
    </p>
   </div>
   <div class='ocr_carea' id='block_1_4' title="bbox 422 1962 667 2041">
    <p class='ocr_par' dir='ltr' id='par_1_14' title="bbox 422 1962 667 2041">
     <span class='ocr_line' id='line_1_25' title="bbox 422 1962 667 2041; baseline 0.012 -3"><span class='ocrx_word' id='word_1_145' title='bbox 422 2035 423 2038; x_wconf 74' lang='grc'>,</span> <span class='ocrx_word' id='word_1_146' title='bbox 454 1962 667 2041; x_wconf 71' lang='lat' dir='ltr'><strong>ourusslom</strong></span> 
     </span>
    </p>
   </div>
   <div class='ocr_carea' id='block_1_5' title="bbox 550 2109 564 2157">
    <p class='ocr_par' dir='ltr' id='par_1_15' title="bbox 550 2109 564 2157">
     <span class='ocr_line' id='line_1_26' title="bbox 550 2109 564 2157; baseline 0 0"><span class='ocrx_word' id='word_1_147' title='bbox 550 2109 564 2157; x_wconf 92' lang='lat'>6</span> 
     </span>
    </p>
   </div>
   <div class='ocr_carea' id='block_1_6' title="bbox 206 2215 843 2638">
    <p class='ocr_par' dir='ltr' id='par_1_16' title="bbox 206 2215 843 2353">
     <span class='ocr_line' id='line_1_27' title="bbox 206 2215 843 2283; baseline -0.002 -19"><span class='ocrx_word' id='word_1_148' title='bbox 206 2215 327 2264; x_wconf 89' lang='lat' dir='ltr'><strong>Romulus</strong></span> <span class='ocrx_word' id='word_1_149' title='bbox 343 2216 481 2283; x_wconf 89' lang='lat' dir='ltr'><strong>imperium,</strong></span> <span class='ocrx_word' id='word_1_150' title='bbox 498 2215 615 2283; x_wconf 88' lang='lat' dir='ltr'><strong>Tarpeius</strong></span> <span class='ocrx_word' id='word_1_151' title='bbox 632 2215 732 2282; x_wconf 90' lang='lat' dir='ltr'><strong>suscipit</strong></span> <span class='ocrx_word' id='word_1_152' title='bbox 747 2231 843 2264; x_wconf 86' lang='lat' dir='ltr'><strong>arcem:</strong></span> 
     </span>
     <span class='ocr_line' id='line_1_28' title="bbox 254 2286 712 2353; baseline -0.002 -17"><span class='ocrx_word' id='word_1_153' title='bbox 254 2287 333 2336; x_wconf 88' lang='lat' dir='ltr'><strong>Portis</strong></span> <span class='ocrx_word' id='word_1_154' title='bbox 351 2286 502 2352; x_wconf 82' lang='lat' dir='ltr'><strong>Tarpeifilia</strong></span> <span class='ocrx_word' id='word_1_155' title='bbox 517 2286 682 2353; x_wconf 86' lang='lat' dir='ltr'><strong>progreditur,</strong></span> <span class='ocrx_word' id='word_1_156' title='bbox 711 2318 712 2321; x_wconf 62' lang='lat'><em>=</em></span> 
     </span>
    </p>

    <p class='ocr_par' dir='ltr' id='par_1_17' title="bbox 207 2357 843 2497">
     <span class='ocr_line' id='line_1_29' title="bbox 207 2357 843 2425; baseline -0.003 -18"><span class='ocrx_word' id='word_1_157' title='bbox 207 2359 274 2407; x_wconf 87' lang='lat' dir='ltr'><strong>Haec</strong></span> <span class='ocrx_word' id='word_1_158' title='bbox 288 2358 365 2407; x_wconf 90' lang='lat' dir='ltr'><strong>latura</strong></span> <span class='ocrx_word' id='word_1_159' title='bbox 381 2359 458 2407; x_wconf 50' lang='lat' dir='ltr'><strong>sacris*</strong></span> <span class='ocrx_word' id='word_1_160' title='bbox 469 2370 519 2409; x_wconf 87' lang='lat' dir='ltr'><strong>erat</strong></span> <span class='ocrx_word' id='word_1_161' title='bbox 534 2374 648 2418; x_wconf 90' lang='lat' dir='ltr'><strong>amnem;</strong></span> <span class='ocrx_word' id='word_1_162' title='bbox 664 2369 733 2425; x_wconf 88' lang='lat' dir='ltr'><strong>capta</strong></span> <span class='ocrx_word' id='word_1_163' title='bbox 750 2357 843 2407; x_wconf 89' lang='lat' dir='ltr'><strong>Sabinis</strong></span> 
     </span>
     <span class='ocr_line' id='line_1_30' title="bbox 254 2429 784 2497; baseline 0 -19"><span class='ocrx_word' id='word_1_164' title='bbox 254 2430 345 2478; x_wconf 87' lang='lat' dir='ltr'><strong>Arcem</strong></span> <span class='ocrx_word' id='word_1_165' title='bbox 359 2430 489 2497; x_wconf 87' lang='lat' dir='ltr'><strong>promittit,</strong></span> <span class='ocrx_word' id='word_1_166' title='bbox 507 2445 606 2478; x_wconf 88' lang='lat' dir='ltr'><strong>munera</strong></span> <span class='ocrx_word' id='word_1_167' title='bbox 622 2430 643 2478; x_wconf 86' lang='lat' dir='ltr'><strong>si</strong></span> <span class='ocrx_word' id='word_1_168' title='bbox 659 2429 784 2479; x_wconf 87' lang='lat' dir='ltr'><strong>dederint:</strong></span> 
     </span>
    </p>

    <p class='ocr_par' dir='ltr' id='par_1_18' title="bbox 207 2501 794 2638">
     <span class='ocr_line' id='line_1_31' title="bbox 207 2501 794 2568; baseline -0.002 -18"><span class='ocrx_word' id='word_1_169' title='bbox 207 2501 254 2550; x_wconf 87' lang='lat' dir='ltr'><strong>Cui</strong></span> <span class='ocrx_word' id='word_1_170' title='bbox 269 2502 384 2568; x_wconf 84' lang='lat' dir='ltr'><strong>pepigere</strong></span> <span class='ocrx_word' id='word_1_171' title='bbox 400 2519 456 2550; x_wconf 88' lang='lat' dir='ltr'><strong>suae</strong></span> <span class='ocrx_word' id='word_1_172' title='bbox 472 2502 553 2550; x_wconf 92' lang='lat' dir='ltr'><strong>cuncti</strong></span> <span class='ocrx_word' id='word_1_173' title='bbox 569 2501 703 2567; x_wconf 87' lang='lat' dir='ltr'><strong>gestamina</strong></span> <span class='ocrx_word' id='word_1_174' title='bbox 718 2501 794 2559; x_wconf 83' lang='lat' dir='ltr'><strong>levae,</strong></span> 
     </span>
     <span class='ocr_line' id='line_1_32' title="bbox 254 2572 769 2638; baseline 0.002 -17"><span class='ocrx_word' id='word_1_175' title='bbox 254 2572 351 2621; x_wconf 87' lang='lat' dir='ltr'><strong>Anulus</strong></span> <span class='ocrx_word' id='word_1_176' title='bbox 367 2573 474 2621; x_wconf 87' lang='lat' dir='ltr'><strong>armillae</strong></span> <span class='ocrx_word' id='word_1_177' title='bbox 490 2584 546 2621; x_wconf 91' lang='lat' dir='ltr'><strong>sunt</strong></span> <span class='ocrx_word' id='word_1_178' title='bbox 562 2590 589 2622; x_wconf 88' lang='lat' dir='ltr'><strong>ea</strong></span> <span class='ocrx_word' id='word_1_179' title='bbox 605 2573 645 2622; x_wconf 89' lang='lat' dir='ltr'><strong>vel</strong></span> <span class='ocrx_word' id='word_1_180' title='bbox 661 2572 769 2638; x_wconf 88' lang='lat' dir='ltr'><strong>clipeus:</strong></span> 
     </span>
    </p>
   </div>
   <div class='ocr_carea' id='block_1_7' title="bbox 170 2737 377 2783">
    <p class='ocr_par' dir='ltr' id='par_1_19' title="bbox 170 2737 377 2783">
     <span class='ocr_line' id='line_1_33' title="bbox 170 2737 377 2783; baseline -0.005 -10"><span class='ocrx_word' id='word_1_181' title='bbox 170 2749 189 2783; x_wconf 75' lang='lat'><strong>32</strong></span> <span class='ocrx_word' id='word_1_182' title='bbox 201 2737 333 2782; x_wconf 82' lang='lat' dir='ltr'><strong>(suscipit)..(ac)</strong></span> <span class='ocrx_word' id='word_1_183' title='bbox 345 2750 377 2773; x_wconf 85' lang='lat' dir='ltr'><strong>rar.</strong></span> 
     </span>
    </p>
   </div>
   <div class='ocr_carea' id='block_1_8' title="bbox 0 0 1039 3216">
    <p class='ocr_par' dir='ltr' id='par_1_20' title="bbox 0 0 1039 3216">
     <span class='ocr_line' id='line_1_34' title="bbox 0 0 1039 3216; baseline 0 0"><span class='ocrx_word' id='word_1_184' title='bbox 0 0 1039 3216; x_wconf 95' lang='lat' dir='ltr'><strong> </strong></span> 
     </span>
    </p>
   </div>
  </div>
 </body>
</html>
