2068 3216
188 140 235 202 156
307 227 342 260 DE
357 227 566 262 Muuouaurumus
582 214 625 262 VI.
643 214 657 262 6
674 242 683 250 -
699 215 742 264 Vl.
761 232 775 277 7

186 354 233 404 «A
248 354 330 414 nobis,
347 355 446 415 Hanno,
462 355 498 404 nil
513 356 561 404 talc
576 356 622 405 tibi
637 357 774 416 verearis»,

234 426 328 476 Consul
343 427 385 486 air,
402 426 502 476 «fortes
517 426 603 477 fraude
618 439 700 493 carent
715 429 813 478 Laeli».

186 498 302 565 Caeperat
317 497 439 547 Afrorum
454 498 505 547 dux
520 499 599 548 maior
616 499 698 567 Scipio
714 516 810 560 navem,

233 568 417 637 Nobilibusque
431 570 493 619 viris
508 570 650 637 divitiisque
665 587 772 637 gravem,

187 641 238 704 Qui
248 642 303 701 sibi,
314 641 375 690 dum
384 652 504 701 metuunt,
515 643 603 691 missos
613 642 731 692 falluntur
740 643 771 692 ad
780 644 869 711 ipsum,

235 713 306 777 Quos
322 713 449 780 inpunitos
465 713 536 762 iussit
552 714 618 763 adire
634 731 699 764 suos.

186 784 275 834 Tristia
292 785 433 852 Scipiadum
447 796 505 851 post
520 785 606 834 funera
622 785 679 835 bina
694 785 809 846 duorum,
865 820 866 824 ,

235 857 304 906 Clara
321 857 431 922 Sagunti,
447 868 511 917 trux,
527 858 633 917 moenia,
649 858 738 918 Poene,
754 857 862 925 premis;

185 928 315 978 Annibalis
330 929 395 978 uires
411 929 498 996 nequit
512 940 541 977 ut
555 941 653 996 portare
670 929 799 995 saguntus,

235 999 327 1049 Omnia
343 1015 397 1049 cara
412 1000 470 1049 foro
485 1007 620 1066 congregat
635 1001 661 1049 in
677 1001 768 1061 medi0,

185 1072 344 1139 Accensaque
358 1072 413 1139 pira
427 1071 497 1139 plebs
513 1072 598 1137 ignem
614 1089 638 1121 se
653 1073 710 1121 iacit
725 1073 804 1122 intra:

235 1142 313 1209 Eligit
328 1155 384 1192 ante
399 1159 485 1192 necem
501 1159 575 1211 quam
590 1144 683 1193 violare
698 1143 780 1193 fidem.

185 1214 253 1264 Afris
270 1215 364 1264 obsessi
379 1216 486 1264 Romam
501 1215 602 1264 mittunt
617 1216 722 1276 Petilii,

235 1286 349 1336 Mittarur
363 1297 470 1354 poscunt
485 1298 514 1335 ut
530 1286 577 1335 sibi
591 1287 756 1354 praesidium3

186 1358 286 1407 Publica
302 1358 424 1407 Cannensi
439 1374 476 1407 res
493 1358 574 1407 diruta
590 1370 669 1424 strage
684 1359 782 1419 recenti,

234 1429 336 1479 Auxilio
353 1430 422 1478 sotiis
438 1446 490 1478 non
505 1430 571 1479 valet
587 1447 638 1479 esse
655 1431 720 1480 suis:

185 1501 282 1550 Annuit
297 1500 447 1551 Annibalem
460 1502 557 1568 placent
573 1513 601 1550 ut
616 1517 721 1569 cumque
736 1501 851 1560 ferocem,

235 1573 332 1623 Nolunt
348 1574 486 1621 Romanam
500 1573 611 1639 linquere
626 1573 777 1623 amiciciam:

186 1644 319 1694 Moenibus
335 1644 437 1693 inbelles
452 1645 548 1713 pellunt
563 1645 727 1693 communiter
743 1661 837 1704 omnes,

235 1716 388 1765 Consument
403 1733 468 1765 escas
485 1733 516 1765 ne
532 1717 607 1765 cicius
623 1716 740 1775 modicas,

187 1787 281 1837 Urbem
296 1787 424 1836 defensant
439 1787 528 1855 reliqui
544 1789 689 1855 Poenosque
704 1788 835 1856 repulsant,
897 1821 899 1823 -

234 1860 323 1908 Donec
339 1876 381 1908 eos
398 1876 483 1907 omnes
499 1858 607 1926 perdidit
622 1871 672 1907 atra
687 1859 771 1918 fames,
849 1877 851 1879 ·

188 1930 275 1998 Sicque
290 1931 318 1980 fit
334 1930 392 1979 urbs
408 1947 487 1979 unum
502 1930 580 1998 plebis
596 1930 658 1980 fidae
674 1942 875 1988 monumentum,

234 2001 335 2051 Fraudis
352 2003 429 2050 amica
445 2013 526 2069 stupet
542 2003 633 2051 Punica
648 2013 728 2050 turma
744 2002 826 2051 fidem.

292 2143 335 2186 DE
351 2143 423 2186 FIDE
442 2142 581 2187 UXORUM
598 2142 684 2186 ERGA
701 2142 794 2186 VIROS

533 2271 546 2315 7

187 2360 291 2410 Emiliae
306 2359 425 2409 laudanda
441 2360 524 2409 virum
538 2360 657 2427 pacientia
673 2360 744 2419 circa,

235 2432 311 2480 Afros
326 2431 368 2480 ille
383 2431 431 2479 fuit
448 2432 531 2499 Scipio
548 2431 591 2498 qui
606 2431 720 2490 domuit;

187 2503 306 2569 Coniugis
322 2503 436 2551 ancillam
451 2520 509 2551 cum
524 2502 610 2568 diligat
625 2502 666 2550 ille
681 2513 810 2551 venustam

236 2575 333 2623 Coniux
349 2574 485 2622 dissimulat
502 2591 526 2622 sc
542 2574 620 2623 veluti
635 2575 713 2633 lateat,

149 2704 171 2735 24
181 2692 314 2737 nobilibusque:
326 2692 338 2726 b
350 2694 366 2726 in
377 2703 418 2734 raa,
430 2704 464 2736 que
474 2699 554 2736 suprascr.
603 2695 623 2725 28
635 2703 703 2736 poene:
715 2704 727 2726 o
738 2694 768 2735 sig.
777 2703 807 2726 ror.
821 2698 899 2737 suprascr.

114 2753 136 2784 42
147 2749 195 2776 atra:
206 2749 213 2775 t
222 2747 301 2785 suprascr.
