2068 3216
233 140 281 203 362

462 227 544 261 PASSIO
560 229 582 261 Β.
599 226 682 261 aarum
699 215 710 262 Ι

233 355 325 404 Imbuit
340 356 431 405 aeterni
447 368 478 414 te,
495 356 588 415 Maure,
605 356 707 405 sciencia
723 355 821 416 Christi,

231 429 302 478 Dum
316 440 341 476 te
356 428 454 476 divitias
470 427 584 477 oblivisci
599 426 656 477 facit
671 428 770 495 amplas.

233 501 308 548 Grate
325 498 458 565 smaragde,
475 499 549 548 micas
565 500 681 565 visusque
696 500 778 549 virore
794 515 896 560 serenas,

233 572 280 620 Cui
295 571 367 638 iaspis
382 570 469 620 viridis
485 571 528 620 sed
542 571 659 637 pinguior
673 571 835 621 assimilatur:

232 642 329 710 Iaspide
344 658 405 708 pura
420 642 480 691 fides
496 643 606 709 signatur
621 654 701 709 teque,
719 642 851 709 smaragde.

233 716 327 765 Natum
344 714 459 764 Zebedeo
474 714 610 765 Iohannem
624 715 670 764 rite
686 715 814 781 smaragdo

233 786 380 846 Contuleris,
396 786 470 835 viridi
485 786 566 852 viguit
582 786 625 852 qui
640 786 700 835 flore
715 786 781 846 fidei,

233 859 303 909 Dum
310 858 383 907 docet
391 874 442 907 esse
449 859 533 909 Deum
540 873 612 924 super
619 858 702 908 omnia
710 858 803 908 saecula
810 858 942 919 Christum,

233 929 379 979 Debilitavit
394 944 462 997 opes,
478 928 568 979 heresis
584 930 700 996 tersitque
715 930 827 980 colores:

234 1002 283 1050 Hic
299 1001 399 1050 Hebion
414 1000 526 1061 moritur,
542 1001 607 1050 cadit
622 1001 708 1050 Arrius
723 1013 797 1069 atque
812 1003 922 1061 Fotinus,

234 1073 305 1122 Mille
317 1072 419 1122 subhac
431 1073 528 1123 flamma
539 1073 646 1140 capitum
657 1073 810 1124 comburitur
821 1073 890 1123 hidra
901 1091 907 1123 ι

234 1146 285 1194 Dat
301 1144 377 1194 robur
392 1144 458 1205 fidei,
475 1156 521 1193 stat
535 1145 608 1194 turris
625 1145 652 1193 in
667 1160 710 1194 ora
724 1146 846 1196 Damasci.

234 1218 288 1266 Nec
303 1216 361 1266 fidei
376 1216 465 1265 merito
481 1216 592 1282 privaris,
608 1215 702 1276 Maure,
718 1217 817 1277 decoro,

235 1290 334 1338 Promta
347 1299 429 1337 mente
441 1289 525 1339 Deum
537 1287 658 1354 profiteris
672 1288 733 1339 dum
744 1287 798 1337 fore
812 1288 942 1339 Christum.

234 1360 311 1427 Iaspis
327 1371 352 1408 at
367 1360 420 1426 ipse
436 1359 544 1410 Thomas
559 1359 645 1409 viridis
663 1360 705 1409 sed
721 1361 824 1409 crassior
840 1371 911 1420 extat,

200 1461 202 1463 -
236 1431 339 1481 Tardius
355 1432 396 1480 hic
411 1431 488 1481 credit
504 1442 652 1499 quapropter
666 1431 759 1482 finnius
775 1431 854 1482 hesit:

236 1504 306 1552 Certa
321 1502 381 1552 fides
397 1504 480 1554 altimo
495 1503 574 1552 valuit
589 1519 663 1569 quam
677 1503 767 1553 vellere
782 1519 870 1563 nem0;

235 1575 322 1624 Intulit
334 1573 397 1623 hanc
409 1573 511 1634 Parthis,
525 1574 593 1624 dedit
605 1574 668 1623 hanc
679 1591 829 1641 cognoscere
842 1574 931 1635 MedIs,

237 1646 336 1713 Quippe
351 1646 421 1695 iubar
436 1645 494 1696 fidei
507 1646 575 1713 prius
591 1646 632 1695 hic
646 1645 720 1695 infert
736 1646 840 1706 Orienti,
944 1655 1016 1700 t151v

236 1719 334 1784 Proque
349 1717 398 1768 fide
413 1730 478 1767 recta
492 1718 554 1767 latus
571 1718 622 1767 eius
638 1717 746 1783 perforat
761 1717 845 1768 hasta:

235 1789 373 1841 Aeclesiam
387 1789 475 1849 firmat,
491 1789 587 1839 dubitat
601 1789 710 1858 primum
725 1790 782 1856 quia
798 1789 913 1840 Thomas.

237 1860 276 1910 Tu
285 1861 343 1911 fidei
358 1862 451 1912 clarum
466 1873 586 1911 monstras
602 1862 628 1910 in
643 1873 668 1910 te
683 1861 868 1921 documentum,

236 1932 330 1994 Maure,
346 1933 386 1982 vir
400 1933 500 1982 illustris
516 1933 577 1983 dum
592 1932 682 1983 Christi
696 1933 764 1982 testis
780 1932 883 1983 haberis.

238 2004 369 2054 Sardonius
382 2005 484 2054 tricolor
495 2005 574 2064 rubet*
589 2004 662 2065 albet,
675 2016 699 2053 et
711 2017 747 2054 est
758 2006 829 2071 niger
839 2004 910 2064 infra,

236 2077 357 2143 Designat
372 2088 459 2137 castos‚-
471 2076 584 2135 humiles,
596 2088 620 2126 et
632 2077 749 2142 sanguine
759 2076 833 2126 lotos

239 2148 371 2197 Sardonius
389 2148 511 2214 Stephano
526 2148 652 2198 confertur
660 2149 712 2197 iure
727 2148 808 2208 beat0,

238 2219 286 2268 Hic
301 2220 410 2279 humilis,
425 2231 513 2279 castus,
528 2220 631 2286 proprio
646 2219 675 2269 fit
690 2235 745 2269 rore
760 2219 910 2278 choruscus;

238 2291 299 2340 Non
314 2291 434 2342 humilem
448 2302 544 2340 constat
560 2292 603 2358 qui
617 2306 664 2358 pro
679 2291 842 2358 lapidantibus
858 2301 911 2339 orat
927 2290 938 2338 ?

238 2362 343 2412 Deditus
360 2362 400 2412 hic
414 2363 468 2429 iugi
482 2362 560 2412 fertur
574 2364 663 2412 vixisse
678 2363 776 2430 pudori,

239 2434 361 2483 Obruitur
376 2436 438 2483 saxis
453 2434 535 2484 Iudeis
551 2434 592 2483 hic
606 2434 637 2484 ab
652 2435 751 2500 iniquis,

132 2518 166 2548 180
238 2505 345 2572 Magnus
362 2517 412 2555 erat
427 2507 523 2567 merito,
540 2507 607 2555 caelo
623 2507 666 2572 qui
681 2505 745 2555 vidit
759 2516 845 2572 aperto

239 2579 269 2626 In
287 2577 376 2627 dextris
396 2578 486 2627 summi
503 2579 602 2627 ihesum
620 2578 751 2627 consistere
769 2577 858 2643 patris;

204 2706 236 2738 150
248 2695 309 2738 eterni,
321 2695 392 2730 scientia
403 2696 422 2730 P.
471 2707 502 2739 157
514 2695 570 2730 secula
581 2697 599 2731 Ρ,
649 2694 743 2731 161daP.
793 2695 822 2738 163
836 2701 917 2739 prompte
928 2695 947 2730 P.

170 2753 201 2786 ¹70
208 2743 297 2777 ecclesiam
303 2744 321 2778 P.
371 2743 403 2787 176
409 2754 448 2778 rore
455 2755 492 2778 corr.
500 2754 557 2779 exone
564 2745 585 2779 R.
634 2747 665 2777 180
672 2742 710 2778 celo
717 2744 735 2778 P.
