2068 3216
244 146 292 203 308

502 229 621 263 nnsruun
645 216 694 264 VH

290 357 341 417 Ilia,
358 358 515 424 Vangionem
531 357 656 406 Bernelius
672 358 759 417 iaculo,

242 429 333 478 Ebalus
350 429 437 478 emissa
452 430 551 496 perimit
567 430 688 478 Tarconta
704 430 798 496 sagitta,

291 500 421 567 Euripides
437 501 580 561 Damasum,
596 500 740 568 Deiphebus
757 502 880 551 Valerum.

242 572 326 620 Cernit
342 572 428 621 Guido
445 589 499 621 suas
515 573 558 621 ubi
574 573 671 622 concidi
686 574 804 639 legiones,

290 644 410 693 Insultare
426 644 475 693 suis
492 656 516 692 et
531 645 631 694 Danaos
647 645 738 704 cuneis,

243 716 367 764 «Pectora
380 727 468 775 vestra,
482 716 539 776 uiri,
553 732 614 782 quae
628 716 721 765 desidia
734 717 850 776 domat»,
864 716 953 782 inquit,

292 788 400 836 «Forcia
416 804 467 853 quo
483 800 589 836 marcent
605 788 702 837 brachia
717 800 796 837 vestra
817 799 883 837 metu
900 788 910 836 ?

242 858 329 908 Gloria
345 857 509 924 quadrifidum
524 859 658 909 celebratur
673 871 752 909 vestra
767 875 810 926 per
831 859 923 918 orbem,
954 869 966 905 f.
979 882 1012 915 129

292 932 399 980 Crimine
411 947 442 979 ne
454 942 537 980 vestro
551 931 635 997 flagito
648 931 798 999 dispereat».

243 1005 296 1053 Hec
310 1001 384 1062 fatus,
400 1002 478 1051 denso
494 1003 596 1069 stipatus
613 1003 690 1052 milite
706 1002 788 1052 turbas

291 1075 360 1123 Forti
375 1086 460 1123 vectus
477 1091 542 1139 equo
557 1086 676 1139 provocat
691 1074 823 1123 armiferas.

243 1148 329 1196 Maura
344 1146 412 1195 velut
427 1145 498 1195 bellis
513 1146 638 1214 aptissima
653 1145 724 1195 belua
740 1146 831 1206 barrus,

292 1218 394 1266 Hostica
411 1233 485 1283 quam
499 1218 584 1267 iaculis
600 1217 709 1284 undique
724 1229 803 1266 turma
818 1218 914 1284 premit,

244 1286 367 1356 Sanguine
382 1301 517 1355 conspecto
533 1289 616 1338 rabida
632 1289 786 1339 succenditur
801 1289 843 1349 ira,

293 1361 383 1410 Sternit
399 1372 423 1409 et
438 1361 541 1409 infestos
558 1361 629 1410 dente
644 1361 712 1410 viros
728 1361 810 1420 nive0,

243 1434 324 1482 Heros
340 1432 488 1499 bellipotens
505 1433 547 1491 sic,
563 1433 616 1481 uisa
631 1432 689 1482 cede
706 1448 814 1492 suorum,

291 1503 369 1553 Ardet
385 1516 409 1552 et
424 1504 518 1552 invisos
534 1504 631 1570 impetit
646 1504 786 1571 Argolicos.

243 1575 351 1641 Euripili
365 1576 583 1642 tortapenetravit
597 1576 691 1624 viscera
706 1576 775 1641 pinu,

293 1647 351 1710 Quo
367 1648 432 1696 iactu
447 1647 547 1713 perimit
561 1662 628 1714 pone
643 1647 730 1696 Iubam
744 1647 863 1713 positum,

242 1719 267 1768 A
283 1718 373 1786 quibus
390 1731 501 1785 exempta
517 1718 620 1785 configit
635 1719 773 1767 comminus
789 1718 865 1778 Idam,

291 1789 349 1839 Infit
364 1802 389 1839 et
404 1792 535 1857 armigero,
552 1806 679 1856 «suggere
695 1790 742 1839 tela
758 1789 834 1839 mihi:

242 1863 304 1911 Non
317 1861 387 1912 cadet
399 1862 426 1910 in
439 1878 536 1911 cassum
549 1862 570 1910 si
582 1861 683 1928 praebes
697 1861 764 1912 mille
777 1878 822 1910 nec
834 1876 913 1910 unum
922 1878 953 1920 »ς

291 1934 362 1982 Plura
378 1934 477 1983 catellus
494 1934 517 1982 ei
532 1933 644 1999 congerit
659 1933 717 1982 hinc
731 1933 816 1992 iacula,

244 2005 314 2068 Quae
330 2005 364 2053 sic
380 2005 512 2072 dispensat,
528 2016 556 2053 ut
571 2016 609 2053 tot
625 2016 716 2055 mortes
732 2004 827 2070 infligat

292 2076 363 2139 Quot
378 2077 451 2136 iacit3
467 2075 602 2125 obvertunt
616 2088 685 2141 terga
700 2087 768 2126 metu
783 2075 871 2125 Danai.

242 2148 339 2214 Figitur
355 2164 398 2196 ora
413 2149 504 2206 Lacon,
519 2148 582 2196 latus
598 2147 670 2207 fleus,
686 2147 727 2195 ilia
742 2149 822 2207 Iason,

291 2220 378 2268 Pectus
394 2219 458 2278 Aris,
474 2220 537 2268 latos
553 2220 717 2285 Partenopeus
733 2218 857 2279 humeros,

243 2291 323 2356 Terga
338 2291 423 2350 Doris,
438 2290 518 2341 femur
533 2290 650 2350 Ilioneus,
665 2305 727 2357 puer
741 2290 843 2356 inguina
858 2289 943 2349 Meris,

292 2363 399 2411 Guttura
415 2362 560 2421 PolidamaS‚
576 2373 686 2427 tempora
703 2361 876 2427 Triptolemus.

242 2433 362 2499 Amputat
378 2434 436 2482 hinc
452 2434 553 2482 Bromio
570 2434 661 2482 flavum
677 2433 762 2482 stricto
778 2444 850 2498 caput
866 2449 931 2491 ense,

137 2526 171 2558 320
290 2505 388 2554 Deiecit
403 2505 487 2554 levum
503 2505 660 2570 Calocerique
675 2504 813 2564 humerum,

206 2658 238 2690 290
249 2646 349 2680 Bernelium
360 2648 375 2680 R
387 2646 438 2689 Jenal.
454 2639 475 2655 '³‘
513 2658 543 2691 293
558 2645 666 2690 (oon)..(cidi)
678 2657 710 2680 ras.
777 2656 809 2690 294
823 2645 888 2680 cluneis
902 2646 953 2689 Junal.

171 2705 201 2737 295
212 2694 274 2737 (vi)r(i)
282 2696 299 2728 in
307 2705 339 2728 ras.
380 2706 411 2739 300
419 2694 519 2738 provoc(at)
527 2697 544 2729 in
555 2706 588 2729 ras.
637 2705 668 2739 302
680 2705 732 2739 quem
743 2693 793 2737 Jenal.
843 2705 954 2739 303succen·

171 2741 229 2777 ditur:
242 2753 252 2775 c
262 2749 341 2787 suprascr.
