2068 3216
821 135 849 191 85

237 217 271 250 un
287 216 494 251 Manouaautaus
510 203 553 251 IV.
571 217 644 250 auor.
663 202 728 250 -IV.
749 219 758 249 1

140 845 283 889 EXPLICIT
297 845 388 888 LIBER
402 846 436 888 III
627 845 793 889 PROLOGUS
808 844 853 887 IIII

141 991 256 1053 Quorum
270 1002 423 1058 perspectam
444 991 522 1039 tenuit
538 990 675 1040 moderatio
690 991 776 1050 vitam,

189 1063 227 1110 Ex
241 1062 346 1111 inimicis
363 1062 406 1127 qui
421 1061 520 1111 foedera
536 1063 671 1122 nocuerint,

140 1133 164 1181 A
180 1134 273 1199 quibus
286 1134 389 1182 omnino
405 1133 479 1182 fucrit
495 1133 583 1182 calcata
598 1133 685 1193 libido,

189 1205 260 1268 Quos
275 1205 341 1271 fugit
357 1205 422 1253 dirae
437 1206 512 1270 pestis
528 1205 649 1265 avaritiae,

141 1277 192 1339 Qui
208 1288 376 1343 paupertatem
391 1276 491 1325 tulerint
507 1294 532 1325 se
549 1288 636 1344 sponte
652 1276 787 1341 decentem,
879 1296 886 1328 5

189 1349 289 1415 Quique
304 1347 437 1397 verecundi
452 1348 536 1397 vivere
552 1348 688 1412 maluerint,

141 1420 188 1468 Seu
204 1420 247 1485 qui
263 1420 374 1485 coniugii
389 1418 518 1468 laudantur
533 1436 616 1468 amore
631 1420 718 1479 tenaci,

189 1492 236 1540 Seu
252 1491 295 1557 qui
311 1490 420 1540 munifici
436 1490 531 1540 civibus
548 1492 678 1550 extiterint,

139 1563 221 1611 Docta
237 1563 323 1611 Thalia
339 1563 408 1622 doce,
425 1574 466 1611 tua
481 1562 554 1611 nobis
571 1563 680 1628 germina
695 1578 770 1629 pone,

188 1634 271 1700 Atque
288 1650 385 1701 capaces
402 1651 447 1682 nos
464 1634 576 1683 carminis
593 1635 699 1683 institue.
867 1656 888 1678 10
938 1670 940 1673 Α

139 1883 229 1926 traua
244 1883 289 1945 1111
411 1868 412 1871 ’
557 1884 600 1926 DE
615 1882 852 1927 Moueaacronu

486 2047 495 2077 1

139 2172 278 2221 Publicolae
293 2173 396 2221 Valerus
413 2173 489 2221 crevit
505 2172 654 2238 cognomine
670 2173 765 2232 consul,

188 2243 265 2306 Quod
281 2244 430 2292 maiestatem
445 2244 586 2310 praetulerit
600 2244 705 2310 populi;

139 2315 254 2380 Regibus
264 2316 352 2363 exactis
368 2331 426 2363 cum
441 2316 520 2364 tocius
537 2315 641 2364 dicionis

187 2387 247 2435 Vim
261 2386 330 2435 videt
345 2386 468 2435 addictam
483 2387 590 2436 consulis
606 2386 723 2452 imperiis,

139 2457 264 2506 Invidiosa
280 2458 361 2524 gravis
378 2459 467 2506 minuit
482 2458 579 2524 fastigia
595 2460 652 2522 regis

187 2530 219 2577 Et
234 2529 385 2578 tolerabilius
401 2530 507 2578 reddidit
522 2530 670 2595 imperium;

107 2740 121 2770 1,
135 2741 142 2772 5
155 2729 228 2763 ultimum
235 2729 296 2764 verbum
303 2729 334 2772 legi
339 2741 368 2763 aron
373 2735 433 2774 potest.
499 2755 501 2757 .
