2068 3216
319 278 353 311 uu
369 277 576 311 uuuoururumus
591 262 635 310 ΙΠ.
655 279 667 309 z

137 406 200 455 Illuc
215 406 308 471 legatus
325 417 381 454 tuus
398 406 489 454 Occius
505 405 540 454 ire
555 404 660 464 iubetur,

187 478 308 531 Provocat
323 477 389 526 illius
406 478 485 543 gentis
502 493 559 526 eum
574 477 686 536 iuvenis3

138 550 192 598 Iam
206 549 287 615 posita
303 565 385 598 mensa
401 549 508 598 residens
525 548 643 615 prandere
658 547 765 607 volebat,

186 620 270 680 Arma,
286 620 359 687 dapes
375 620 495 686 linquens,
512 621 575 669 clam
590 637 633 669 sua
648 619 711 668 ferre
726 619 802 680 iubet,

139 693 213 740 Extra
229 703 364 741 castrorum
380 703 477 741 semoto
488 692 593 740 consule
609 691 709 751 vallum,

188 763 352 830 Cornipedem
368 763 436 812 ducit
451 764 556 829 armiger
571 762 716 822 instabilem,
853 776 886 806 180

138 834 277 901 Aggressus
293 834 374 884 valida
390 835 504 884 iuvenem
519 834 696 883 transverberat
712 846 770 894 asta,

187 907 263 955 Cuius
279 907 418 972 praecipuas
436 906 522 955 detulit
539 906 644 955 exuvias.

138 977 208 1026 Idem
223 978 345 1038 Pirenum,
362 995 464 1044 magnae
479 978 577 1026 virtutis
594 977 725 1043 ephebum,

187 1050 252 1098 inter
268 1049 389 1099 Celtibros
406 1049 533 1099 nobilitate
549 1048 636 1108 ferum,

140 1121 214 1187 Saepe
229 1121 353 1170 lacessitus
370 1121 457 1170 deiecit
469 1138 539 1188 equo
554 1121 690 1187 resupinus,

188 1192 270 1255 Quem
286 1192 332 1241 sibi
348 1194 474 1258 postremo
489 1193 570 1241 vinxit
585 1208 668 1241 amore
683 1192 743 1257 pio:

139 1264 205 1312 Nam
219 1263 349 1318 clamidem
365 1264 474 1330 gladium
490 1264 530 1313 dat
547 1265 569 1313 ei
585 1264 685 1312 Pirenus
702 1263 849 1323 habendum,

187 1334 282 1384 Foedus
299 1348 323 1384 et
339 1335 440 1401 hospitii
457 1336 549 1401 flagitat
564 1352 616 1384 esse
632 1335 685 1384 sibi.

139 1407 208 1454 Dum
223 1422 269 1472 pro
286 1407 418 1456 commisso
435 1423 538 1473 pugnas,
556 1407 633 1466 Caesi,
649 1406 695 1455 tibi
710 1418 798 1466 castro,

188 1478 273 1527 Gneus
289 1480 420 1544 Pompeius
436 1478 555 1544 prendere
570 1490 594 1527 te
608 1479 698 1538 voluit,
853 1500 885 1533 190

138 1549 218 1598 Mittit
232 1549 382 1615 praefectum
398 1566 455 1599 cum
470 1549 590 1615 praesidio
607 1551 736 1609 sotiorum,

189 1621 304 1684 Quorum
319 1633 346 1670 tu
363 1637 481 1687 magnum
496 1621 598 1670 demetis
615 1638 671 1670 ense
688 1621 800 1687 globum,

140 1693 171 1740 Et
188 1706 260 1758 super
275 1694 412 1742 exanimem
426 1693 515 1741 iaciens
531 1704 555 1742 te
570 1705 656 1758 postea
672 1708 784 1758 stragem,

186 1763 284 1829 Viginti
300 1777 372 1830 atque
387 1781 438 1813 uno
454 1765 556 1813 vulnere
571 1764 652 1813 fossus
668 1765 731 1813 obis.

139 1835 244 1895 Caesius,
261 1835 352 1885 abscisa
361 1837 432 1885 maris
449 1836 475 1884 in
490 1836 620 1885 certamine
635 1836 725 1895 dextra,
852 1858 883 1890 195

187 1906 287 1956 Obiecit
302 1908 383 1957 levam
398 1907 554 1972 corripiendo
570 1919 653 1967 ratem,

139 1979 171 2027 Et
186 1979 234 2027 nisi
251 1978 400 2028 submersam
415 1979 503 2045 pelago
520 1996 571 2027 non
587 1979 676 2028 descrit
691 1980 767 2039 illam,

187 2050 293 2099 Caesaris
310 2051 345 2099 hii
361 2051 444 2099 castris
460 2050 600 2116 prodierant
615 2051 719 2100 validis:

139 2121 252 2171 Pluribus
268 2122 391 2188 insignem
406 2122 488 2181 debes,
505 2138 558 2171 mea
574 2124 661 2181 Roma,
677 2122 795 2181 favorem,

188 2193 291 2242 Garrula
308 2194 424 2259 Cinigero
441 2194 528 2242 Grecia
544 2193 632 2259 plaude
648 2195 708 2243 tuo!
852 2215 885 2238 200

140 2266 251 2331 Occupat
267 2276 388 2314 extremos
405 2266 491 2314 Caesar
507 2265 568 2314 dum
584 2266 663 2314 Marte
679 2266 816 2324 Britannos,

187 2336 282 2385 Primus
298 2338 411 2385 Romano
428 2353 491 2404 quos
507 2336 575 2386 dedit
591 2337 703 2402 imperio,

139 2408 287 2457 Conscendit
303 2408 433 2473 scopulum
450 2407 486 2457 bis
502 2407 562 2457 bino
578 2409 656 2457 milite
672 2424 755 2458 secum

188 2479 296 2539 Scevola,
312 2491 463 2528 transvectus
479 2494 544 2545 pupe
561 2480 633 2528 nuris
649 2481 759 2545 pelagus3

138 2551 228 2610 insula,
245 2551 284 2599 cui
301 2552 404 2617 scopulo
421 2567 482 2617 quae
497 2551 616 2617 proxima,
633 2552 704 2617 plena
720 2552 837 2599 Britanno
851 2573 883 2605 205

187 2622 275 2681 Milite,
293 2622 405 2671 subsidiis
421 2623 493 2688 plena
507 2622 556 2671 fuit
571 2623 661 2682 variis3

138 2694 220 2742 Insula
236 2693 354 2742 dividitur
370 2694 474 2760 scopulo
490 2693 576 2742 crebro
592 2695 664 2757 maris
681 2706 742 2754 estu,

187 2764 250 2813 Mox
264 2777 292 2813 ut
308 2765 445 2831 regreditur
460 2765 526 2814 arida
542 2778 609 2831 paret
625 2766 714 2814 humus
725 2784 744 2833 ;¹
