2068 3216
154 133 186 190 48

342 218 376 250 DE
391 216 598 250 umuonamuruus
614 203 645 250 H.
665 219 675 264 5

134 375 135 379 =
202 343 309 409 Tempus
326 345 352 392 in
367 360 441 393 omne
456 344 524 393 iubet
540 344 624 394 adfore
638 345 752 405 miliciae,

154 416 188 465 Ut
203 415 307 480 pedibus
323 416 396 464 nudis
412 415 521 481 peditem
535 427 631 483 praeeat
646 417 714 466 iubet
729 418 773 478 illi,
849 426 850 430 ’

203 487 241 535 Sic
257 486 400 554 deturpatur
414 502 460 553 pro
476 489 569 537 meritis
586 488 674 538 Titius.

154 557 259 607 Messius
275 559 302 607 in
317 559 406 608 Trebia
422 571 558 625 susceperat
574 559 673 609 horrida
689 560 759 621 bella,

204 630 321 698 Quinque
337 630 451 680 cohortes
467 631 507 679 hic
522 632 549 679 in
565 631 672 681 statione·
684 632 756 693 locat,

154 702 292 767 Asperitate
306 702 356 751 loci
371 702 459 751 fractae
476 719 550 770 quam
565 703 709 764 deseruere;

202 774 307 840 Precipit
317 774 439 823 :amissum
451 775 542 823 ¹consul
557 774 623 824 adire
638 775 729 836 locum,
796 775 808 782 ”

155 844 179 894 Si
191 846 245 913 quis
257 857 333 894 castra
342 846 488 912 petatvelut
498 846 596 903 hostem
606 846 705 896 caedere
715 847 814 897 mandat
823 867 830 907 ;

201 917 301 966 Artatus
317 918 387 967 miles
404 918 522 967 anxietate
537 919 609 984 riget,
665 943 669 947 .,
800 958 804 961 η,

155 988 256 1054 Colligit
271 989 329 1038 hinc
344 990 417 1049 vires,
434 1005 493 1056 quas
509 989 648 1057 desperatio
662 990 768 1056 praebet,
860 990 862 992 ’

202 1061 270 1109 Iussa
286 1060 355 1110 ducis
371 1072 481 1127 temptat,
498 1062 551 1110 sint
561 1062 618 1111 licet
633 1062 733 1127 inparia,
798 1059 800 1063 ’

155 1132 352 1200 Conscenditque
367 1133 451 1181 locum
465 1134 633 1182 miravittute
649 1134 793 1200 malignum,

202 1204 288 1253 Hostis
305 1204 416 1264 deicitur,
432 1204 553 1270 frangitur
567 1206 602 1254 ira
618 1204 694 1254 ducis.

154 1276 188 1325 Ut
203 1275 291 1325 Fabius
308 1288 392 1341 gentes
407 1275 460 1325 illas
476 1287 576 1325 terreret
590 1287 705 1342 agrestes,

202 1347 285 1396 Ausos
302 1349 443 1397 Romanum
457 1348 562 1413 prodere
576 1348 737 1414 praesidium.
771 1388 772 1391 ,

155 1418 284 1479 Hostibus,
300 1431 345 1468 aut
357 1418 478 1485 profugos
496 1437 521 1469 se
536 1420 630 1469 tradere
646 1420 720 1469 corde
736 1421 846 1480 remisso,

203 1491 293 1557 Captos
310 1492 395 1540 excisis
412 1490 511 1540 dilaniat
526 1491 647 1551 manibus,

153 1562 276 1611 incutiens
292 1563 526 1629 reliquisterrorem
541 1563 697 1629 proditionis,

202 1635 242 1684 Ne
257 1645 354 1700 pactam
368 1633 460 1684 uellent
475 1634 569 1683 laedere
584 1634 649 1683 forte
665 1634 746 1683 fidem.

155 1706 236 1772 Scipio
253 1707 378 1755 Romanos
395 1705 507 1755 crucibus
523 1705 576 1755 fixit
591 1706 719 1771 fugitivos,

202 1779 249 1826 Pro
266 1778 354 1827 Poenis
371 1778 414 1843 qui
429 1778 521 1844 aquilas
539 1777 666 1826 deseruere
682 1795 753 1837 suas3
803 1794 805 1796 ’

153 1849 278 1898 Posterior
293 1849 390 1915 refugas
406 1861 528 1898 aesternae
545 1850 628 1915 Scipio
639 1850 721 1914 :gentis

203 1920 330 1970 Obiecisse
344 1921 402 1970 feris
418 1920 522 1969 traditur
536 1921 563 1969 in
578 1921 680 1970 theatro.

155 1992 291 2041 Substravit
306 1992 399 2041 Mauris
416 1991 550 2041 desertores
566 1991 675 2041 elefantis

202 2063 255 2112 Iam
271 2075 344 2130 capto
359 2065 430 2113 Persa
446 2064 534 2113 Paulus
550 2065 576 2113 in
592 2063 653 2113 urbe
669 2081 718 2113 sua.
731 2088 732 2091 ¹

154 2135 286 2201 Relliquias
303 2136 460 2195 exercituum,
476 2136 515 2185 vir
530 2151 612 2201 gnare,
629 2135 736 2184 duorum

202 2207 313 2272 Colligis,
330 2224 348 2256 o
363 2207 453 2266 Marce,
470 2207 611 2256 strenuitate
626 2218 675 2265 tua,
691 2229 692 2232 ¹

154 2279 244 2327 Punica
261 2278 306 2327 sub
323 2278 426 2328 ducibus
443 2294 506 2346 quos
523 2289 640 2344 spargunt
656 2294 722 2326 arma
738 2277 852 2336 duobus;

201 2350 245 2398 Illa
262 2361 341 2416 strage
358 2366 411 2399 suas
427 2350 500 2399 tinxit
515 2349 623 2399 Hiberus
635 2366 730 2417 aquas3

154 2421 303 2488 Conscriptis
318 2422 428 2489 patribus
445 2438 487 2470 sua
503 2433 570 2487 gesta
586 2420 717 2470 refertubi
733 2423 839 2480 Marcus,

204 2493 233 2541 Se
248 2493 303 2542 vice
318 2493 436 2559 praetoris
454 2493 537 2542 scribit
552 2493 635 2542 adesse
652 2493 717 2542 suis:

153 2565 238 2612 Forcia
253 2564 316 2613 facta
331 2565 444 2631 probant,
460 2576 598 2630 praetorem
613 2581 685 2612 nosse
701 2576 820 2622 recusant,

117 2694 137 2725 71
151 2683 272 2726 (hi).(nc)ras.
330 2687 349 2728 83
366 2691 575 2718 aesternae=externae
643 2682 792 2726 85⁷substravit:
815 2682 865 2717 bsti-

73 2736 139 2773 pram.
189 2733 209 2774 87
220 2729 319 2775 relliquias:
332 2731 338 2765 l
348 2739 427 2776 suprascr.
