2068 3216
387 845 502 895 PASSIO
519 845 619 894 BEATI
636 845 748 894 MAURI

497 954 632 1002 PROLOGUS

209 1216 323 1261 INCIPIT
332 1213 498 1260 PROLOGUS
507 1212 541 1256 IN
552 1212 703 1259 PASSIONE
713 1214 807 1258 BEATI
818 1213 922 1257 MAURI

211 1389 311 1436 intueor
327 1387 386 1435 totis
402 1398 496 1435 veteres
513 1386 611 1436 sudasse
626 1385 740 1435 medullis

260 1459 335 1507 Gesta
350 1469 448 1525 patrum
463 1457 559 1525 scriptis
575 1457 700 1507 notificare
717 1458 783 1516 suis;

212 1532 265 1580 Nec
281 1530 363 1579 solum
378 1546 439 1595 quae
455 1541 583 1595 gesserunt
599 1529 641 1579 sed
657 1546 719 1595 quae
734 1529 877 1587 retulerunt,

260 1600 364 1650 Lubrica
379 1601 461 1660 verba,
478 1601 555 1662 iocos
573 1602 633 1650 seria
649 1601 713 1650 dicta
728 1601 794 1667 leg0.

213 1674 281 1723 Num
298 1673 402 1721 Socratis
418 1689 499 1721 mores
514 1673 572 1739 lego
588 1673 763 1738 Phitagotaene
779 1672 874 1721 labores
891 1672 902 1719 ?
949 1699 956 1731 5

260 1744 328 1793 illius
344 1744 436 1795 mirum
451 1745 527 1793 miror
543 1757 567 1794 et
582 1745 725 1811 ingenium

213 1815 342 1882 Numquid
357 1816 497 1866 Aristotelis
513 1817 639 1866 benedicta
654 1816 780 1882 incognita
795 1815 867 1864 nobis
884 1816 896 1864 ?

262 1887 308 1936 Cui
322 1903 367 1955 par
383 1888 413 1937 de
428 1889 514 1955 primis
530 1888 611 1937 nullus
627 1889 653 1937 in
668 1900 719 1937 arte
734 1887 789 1937 fuit.

214 1959 290 2021 Quod
305 1958 379 2008 fuerit
394 1976 480 2026 parcus
497 1961 603 2020 Cinicus,
621 1960 721 2009 sordens
738 1960 868 2027 Epicurus,

262 2031 346 2080 Mente
362 2048 435 2097 sagax
451 2033 528 2092 Zeno,
544 2032 640 2097 lepidus
656 2032 708 2098 ipse
724 2030 804 2091 Maru,
936 2058 957 2081 ιο

215 2101 291 2164 Quod
307 2102 375 2152 Plato
391 2103 490 2153 divinus
506 2103 587 2164 fuerit,
604 2104 739 2170 Ciceroque
755 2103 867 2161 disertus,

263 2173 388 2241 Quodque
404 2175 465 2224 Cato
481 2175 583 2242 rigidus,
599 2174 688 2242 pagina
703 2191 756 2224 non
772 2175 863 2224 reticet.

215 2246 313 2296 Horum
329 2246 371 2295 sed
386 2247 490 2298 multam
504 2265 556 2297 non
572 2247 689 2313 indignor
704 2246 758 2296 fore
773 2246 871 2304 famam,

132 2383 134 2386 Α
263 2317 375 2367 Cultores
391 2335 493 2385 magnae
509 2319 552 2386 qui
567 2318 663 2368 fuerant
679 2319 796 2386 sophiae:

215 2388 356 2437 Ridiculum
370 2389 433 2439 fictis
450 2391 588 2441 Grecorum
602 2390 699 2440 credere
715 2390 795 2449 dietis,
940 2416 959 2448 u

248 2521 249 2525 Ἰ
263 2460 404 2511 Ridiculum
420 2463 492 2528 nugis
507 2462 609 2529 perdere
624 2474 720 2529 tempus
736 2463 762 2511 in
778 2461 823 2510 his.

216 2532 285 2594 Quae
300 2531 348 2582 fuit
363 2534 454 2582 utilitas
470 2535 628 2601 Laphitarum
644 2533 748 2583 scribere
763 2550 867 2601 pugnas,

265 2605 333 2668 Quae
349 2605 422 2655 Nessi
438 2606 514 2666 virus,
531 2607 715 2672 Herculeosque
731 2622 815 2672 rogos,

181 2736 188 2768 5
201 2724 316 2768 Phitagorene
327 2725 345 2758 P.
372 2735 392 2758 10
397 2723 465 2768 lepidus
471 2726 489 2759 in
494 2735 527 2759 ras.
533 2729 549 2757 et
554 2722 576 2758 al.
583 2735 625 2758 man.
638 2725 659 2758 R.
709 2735 728 2768 13
743 2722 899 2768 (indign).(ot)ras.
907 2725 925 2757 P.

146 2784 167 2816 14
178 2783 247 2816 magne,
258 2772 341 2816 sophinee
354 2773 373 2806 P.
