2068 3216
794 121 839 178 183

242 206 277 239 DE
292 204 501 239 Mnuonamumus
517 190 572 238 VII.
593 207 601 250 5
621 218 632 225 -
647 189 702 238 VH.
720 188 734 237 6

131 334 197 394 Plus,
214 334 284 393 Cato,
300 344 426 399 praeturae
441 332 521 382 fueras
537 343 652 381 aucturus
668 331 770 381 honoris

182 407 264 468 Quam
279 417 391 471 praetura
406 404 461 465 tibi,
477 421 522 454 nec
538 415 620 453 tamen
635 403 786 469 assequeris;

131 478 209 527 iustas
226 476 315 526 erroris
330 492 422 543 poenas
437 475 507 542 plebs
525 476 598 524 stulta
613 475 745 542 pependit,

180 550 284 598 Donans
300 547 401 597 Vatinio
417 548 469 596 iura
484 558 571 613 negata
587 546 640 596 tibi.
857 567 882 598 40

307 716 308 719 =
353 688 398 731 DE
415 685 627 732 NECESSITATE

478 800 492 848 6

132 908 193 956 Itala
209 908 350 956 Poenorum
364 905 450 973 primis
467 907 581 956 exhausta
596 907 710 956 iuuentus

183 977 313 1027 Occiderat
329 977 407 1037 bellis,
423 978 535 1027 imminet
550 978 629 1027 hostis
645 989 730 1037 atrox3

133 1051 205 1116 Legit
221 1051 301 1098 Roma
316 1049 384 1098 viros
401 1064 529 1098 servorum
544 1049 612 1098 milia
628 1050 670 1115 qui
686 1061 734 1099 tres

183 1124 303 1171 Emerunt
318 1135 378 1169 auro
396 1137 452 1170 sena
469 1132 553 1189 quater
568 1121 661 1180 rutil0;

134 1194 188 1242 Hos
206 1193 359 1241 sacramentis
375 1192 488 1258 astringit
503 1209 555 1241 non
570 1192 692 1241 violandis

183 1263 325 1313 Adversum
341 1264 437 1313 Poenos
455 1280 480 1313 se
495 1262 549 1313 fore
565 1264 701 1323 robore0s3

134 1336 176 1385 Ad
192 1335 391 1402 supplementum
405 1334 488 1402 plures
503 1335 620 1401 praebent
635 1336 764 1401 legionum

183 1407 288 1456 Fidiculi
304 1423 396 1466 servos,
414 1407 514 1474 praebet
530 1418 554 1456 et
569 1407 677 1473 Apulia;

136 1479 200 1528 Urbs
218 1496 280 1545 quae
295 1490 392 1546 tempus
408 1477 439 1527 ad
454 1478 481 1527 id
493 1479 583 1543 vetuit,
598 1495 630 1527 ne
646 1478 731 1527 militis
748 1494 813 1527 arma

183 1551 282 1601 Vertice
299 1550 353 1615 quis
370 1567 456 1599 census
471 1549 557 1598 induat
572 1551 701 1615 ingenuus,
862 1571 883 1595 ιο

136 1623 246 1689 Corpora
262 1638 327 1670 nunc
343 1622 409 1670 cellis
427 1621 555 1670 servilibus
572 1621 674 1671 extrahit
689 1621 747 1689 ipsis

184 1696 362 1759 Pastorumque
377 1694 447 1752 casis,
464 1709 525 1761 quae
541 1692 609 1742 videt
624 1704 680 1760 apta
697 1693 750 1743 sibi.

137 1766 270 1814 Cannensis
287 1776 378 1831 strages
394 1765 492 1832 templis
508 1764 577 1814 affixa
593 1765 678 1813 revelli

186 1836 313 1903 Compulit
329 1852 402 1896 arma,
420 1836 466 1885 sibi
481 1835 587 1904 plurima
603 1852 665 1903 quae
679 1835 783 1896 fuerant,

135 1908 221 1957 Iunius
236 1909 278 1957 illa
294 1908 343 1956 suis
360 1913 494 1956 sacraverat
509 1920 578 1958 antea
594 1908 658 1957 divis

186 1980 272 2028 Hostis
289 1979 380 2029 devicti
394 1980 506 2047 pluribus
523 1997 553 2028 ex
568 1979 669 2047 spoliis:

137 2053 301 2100 Instrumenta
316 2051 381 2100 ferae
396 2051 459 2100 fiunt
475 2051 534 2100 haec
550 2051 632 2105 denuo
648 2067 754 2119 pugnae,

186 2124 218 2171 Et
233 2122 375 2189 praetextati
392 2134 459 2171 scuta
474 2122 556 2172 ferunt
570 2124 653 2191 pueri:

137 2193 246 2243 Crimine
262 2194 387 2261 dampnati
402 2194 498 2243 fuerant
514 2195 558 2260 qui
573 2210 621 2261 pro
636 2194 732 2261 capitali

186 2266 261 2330 Cogit
276 2277 305 2313 ut
319 2266 426 2314 anxietas
442 2266 556 2314 militiam
570 2267 676 2333 capiunt.

137 2338 207 2386 Dum
223 2337 364 2386 Casilinates
381 2337 432 2386 dux
447 2339 524 2386 acrius
541 2337 649 2386 Annibal
664 2347 744 2403 urget,

186 2410 264 2457 Lutea
279 2409 369 2468 vincla,
385 2408 466 2458 modis
482 2408 592 2476 pluribus
609 2409 686 2468 utilia,

139 2480 215 2529 Pelles
232 2492 256 2528 et
273 2481 347 2529 scutis
364 2480 480 2529 detractas
498 2492 522 2529 et
537 2481 654 2529 resolutas

3 2565 56 2605 ,¹7sv
187 2551 293 2618 Limpha
308 2551 422 2611 ferventi,
439 2551 553 2600 mandere
568 2569 621 2600 non
636 2552 725 2618 piguit,

104 2682 124 2714 37
131 2669 311 2714 (fueras)..(aucturus)
318 2681 350 2704 ras.
389 2681 409 2713 39
416 2670 478 2703 erroris
485 2681 550 2714 poenas
556 2672 573 2704 in
580 2682 612 2705 ras.
621 2669 643 2704 al.
652 2681 693 2704 man.
733 2669 749 2711 6,
764 2681 782 2714 13
795 2670 853 2715 affirm:

68 2717 77 2751 f
88 2725 167 2762 saprascr.
217 2729 236 2751 21
250 2716 380 2761 (ca).(silinates)
392 2729 424 2751 ras.
