2068 3216
290 204 325 237 na
341 203 548 242 nauouaunmus
564 190 583 238 I.
603 206 613 252 3
632 190 676 238 -Ι,
694 206 709 251 4

144 332 179 381 At
195 349 219 380 se
236 331 319 380 deludi
336 343 448 397 reputans
465 343 489 380 et
504 332 609 398 imagine
625 332 684 392 falli,

192 403 333 470 Ambiguus
349 403 478 469 proprium
493 404 567 452 vertit
582 403 612 453 ad
628 403 779 470 hospitium;
853 438 854 441 κ

145 476 176 523 Et
192 475 253 524 dum
269 474 377 523 membra
393 476 467 526 tltoro
483 474 555 534 locat,
572 492 627 524 ecce
643 475 732 525 sodalis
746 477 831 542 imago

192 545 265 597 Infit:
283 547 346 595 «vel
362 545 448 595 functo
465 545 495 595 da
511 548 621 614 requiem
637 547 718 598 sotio:
734 597 736 601 Α

144 617 220 666 Effert
236 629 350 685 carpento
367 618 443 666 muris
460 635 513 666 mea
528 619 621 668 viscera
637 634 724 685 caupo,
775 636 777 639 ⁴

193 690 262 752 Quae
277 689 345 739 vafer
361 689 481 738 inmundo
497 690 575 739 coelat
591 702 675 757 operta
690 690 750 740 fimo
759 709 790 750 »ς

143 761 187 810 Ille
203 774 302 826 stupens
318 773 441 828 properat,
458 760 567 810 defuncti
584 776 672 828 corpus
689 762 801 822 honorat,

192 833 311 881 Multatur
327 849 405 899 caupo
423 833 544 899 supplicio
560 834 655 883 merito.
710 844 711 847 ’

380 985 424 1029 DE
439 984 606 1031 MIRACULIS

496 1099 512 1144 4

143 1193 222 1242 Lusus
240 1191 382 1240 demcnicos
399 1191 497 1239 miracla
513 1203 584 1240 vocat
600 1204 670 1241 vetus
687 1207 761 1252 error,
802 1239 803 1242 ,
856 1213 857 1217 ’

193 1263 255 1326 Quis
272 1262 329 1311 lusit
345 1263 443 1311 miseras
460 1262 565 1311 daemon
581 1274 650 1312 atrox
665 1264 763 1313 animas,

143 1336 240 1383 Roman
257 1334 391 1383 Tusclanus
407 1333 521 1383 tendebat
537 1335 662 1383 Mamilius
679 1334 735 1394 dux,

193 1406 290 1455 Obvius
306 1405 325 1453 ir
341 1405 428 1454 consul
444 1406 544 1454 nomine
560 1406 716 1466 Postumius;

144 1478 188 1527 Hii
204 1494 246 1526 sua
262 1488 337 1525 castra
353 1477 433 1525 lacum
448 1477 514 1526 iuxta
529 1493 633 1543 posuere
648 1478 780 1544 Regillum,

192 1551 249 1597 Huc
264 1548 323 1597 aties
340 1559 429 1597 coeunt
445 1564 559 1614 armaque
575 1549 726 1615 corripiunt;

143 1622 235 1669 Fratres
252 1620 459 1669 Ledei-Romanis
476 1620 590 1680 auxiliati,

192 1692 331 1741 Mamilium
347 1703 456 1741 sternunt
472 1692 523 1741 eius
540 1692 741 1758 et·obsequium;
863 1703 922 1738 f.10v

143 1764 212 1813 Idem
228 1765 328 1813 Iuturna
344 1774 400 1812 sunt
416 1763 464 1812 visi
480 1779 583 1829 corpora
598 1763 690 1830 limpha
709 1775 711 1780 ’

194 1834 362 1904 sudoremque
378 1851 450 1883 suum
465 1846 560 1901 tergere
576 1835 743 1901 cornipedum.

143 1907 271 1956 Vatinium
286 1906 338 1968 bini
353 1918 428 1956 noctu
445 1907 592 1956 comitantur
608 1906 696 1972 ephebi

193 1979 263 2042 Quos
279 1977 365 2027 niveos
381 1976 468 2026 niveus
484 1977 531 2028 fert
547 1977 644 2043 sonipes
661 1978 780 2043 geminus.

143 2049 237 2099 Dicunt
253 2049 288 2100 hii
304 2049 407 2098 Paulum
422 2050 519 2098 Persam
534 2049 639 2117 caepisse
654 2050 784 2109 tirannum,

192 2121 295 2171 Credere
311 2121 353 2170 sed
369 2121 449 2169 renuit
464 2121 537 2170 Curia
553 2122 593 2170 cui
608 2121 706 2181 retulit;

144 2193 251 2258 Tempus
267 2204 325 2259 post
341 2192 468 2241 modicum
483 2193 603 2258 cognovit
618 2209 675 2241 vera
690 2193 808 2252 locutum,

192 2265 303 2313 Contulit
318 2264 393 2313 oracli
408 2264 514 2332 praemia
529 2263 604 2329 digna
620 2264 674 2313 sibi.

143 2336 222 2385 Annis
239 2334 363 2385 Romanus
379 2336 487 2403 populus
504 2335 581 2384 tribus
598 2351 680 2401 aspera
695 2352 787 2403 passus,

192 2406 286 2457 Urbem
301 2407 361 2456 dum
376 2408 451 2475 pestis
467 2407 579 2474 perderet
594 2424 671 2473 usque
687 2407 776 2473 gravis,
851 2430 852 2433 ¹

142 2481 216 2529 lussit
231 2479 339 2545 legatum
355 2495 412 2527 cum
426 2479 509 2545 paucis
525 2480 560 2527 ire
577 2479 705 2539 Gulinum,

48 2573 71 2596 ιο
193 2552 243 2614 Qui
260 2551 306 2599 sibi
322 2552 442 2600 Peonium
457 2550 548 2599 deferat
564 2550 722 2616 Asclepium;

106 2680 125 2711 4,
135 2681 142 2704 1
151 2676 191 2704 tota
199 2669 244 2703 linea
255 2671 271 2702 in
280 2679 312 2703 ras.
322 2668 343 2706 al.
353 2680 394 2703 man.
447 2680 467 2702 12
475 2667 521 2703 fert:
532 2675 540 2701 t
550 2675 628 2713 suprascr.
684 2679 705 2711 14
716 2667 808 2712 (re).(nuit)
819 2679 853 2703 ras.

73 2717 93 2752 16
104 2718 180 2762 praemia
188 2719 204 2751 in
212 2728 245 2751 ras.
254 2716 275 2751 al.
285 2727 325 2751 man.
375 2728 395 2760 19
408 2715 495 2760 Ogulnius
503 2718 520 2750 in
531 2716 586 2751 Valer.
595 2716 644 2751 Max.
656 2715 671 2757 I,
683 2719 700 2758 8,
712 2727 728 2750 2.
