2068 3216
213 153 260 197 142

331 225 365 257 ua
381 222 587 257 Menounuutaus
603 208 646 256 VI.
666 224 675 254 1
695 236 704 242 -
720 209 763 256 VI.
782 225 795 255 2

114 372 135 404 70
259 352 343 399 Servat
358 351 437 399 adhuc
452 350 488 398 illi
503 349 567 398 fama
582 350 737 416 pudiciciam,

209 422 287 471 Reicit
303 422 364 470 hanc
379 422 488 489 pelagus,
504 421 634 469 tumulavit
650 422 727 470 humo
742 437 820 488 prope
835 422 900 484 litus,

256 494 324 542 Litus
341 494 471 553 Eritreum‚
488 493 575 541 Grecia
591 492 631 541 dat
646 493 752 543 titulum.

208 567 278 615 Dum
294 564 445 630 Gallogrecis
461 582 475 613 a
491 564 595 613 Manilio
612 565 728 632 superatis

259 637 375 705 Captivos
391 647 526 695 numerant,
543 636 655 685 intererat
672 637 766 697 mulier,

210 711 278 758 Uxor
294 726 355 774 quae
371 709 431 757 mira
448 708 524 775 spetie
538 706 586 755 fuit
603 708 772 774 Orgiagontis,

259 781 366 846 Regulus
383 780 423 829 hic
438 796 539 845 magnae
555 779 689 828 nobilitatis
706 791 762 840 etat,

212 854 245 901 Ut
261 863 366 901 servaret
382 868 435 900 eam
450 851 610 901 committunt,
624 853 768 912 centurioni,

259 924 318 972 Vim
333 923 427 982 fatiens,
443 923 510 971 illam
526 922 637 971 centurio
653 923 760 989 subigit;

211 997 270 1044 Non
285 1011 366 1063 pauco
381 994 478 1044 redimit
494 994 604 1060 regillam
619 995 718 1061 regulus
735 1012 802 1055 aum,

259 1068 377 1116 Centurio
392 1066 488 1115 trutinis
505 1065 565 1114 dum
580 1065 652 1114 nimis
669 1066 788 1132 invigilat,

210 1139 293 1187 lnnuit
309 1139 349 1187 illa
366 1138 414 1187 suis
430 1153 547 1186 mucrone
562 1135 634 1186 ferire
649 1137 782 1204 petulcum,
815 1139 830 1150 “’

260 1210 311 1273 Qui
328 1226 379 1258 non
394 1209 514 1275 cognovit
529 1210 581 1275 ipsa
597 1210 657 1274 quid
673 1209 795 1269 innuerit;

210 1283 277 1330 lussa
293 1282 340 1330 viri
356 1281 452 1340 fatiunt,
469 1280 548 1329 mechi
564 1292 636 1347 caput
651 1280 692 1329 illa
708 1282 795 1330 marito
859 1299 860 1304 ¹

259 1354 355 1402 Detulit
371 1365 395 1402 et
410 1353 502 1401 crimen
517 1368 575 1400 cum
589 1353 693 1401 lacrimis
709 1353 798 1402 retulit.

212 1425 360 1473 Teutonicae
376 1424 484 1473 Marium
499 1434 623 1472 matronae
639 1441 664 1472 se
679 1424 771 1491 petiere

259 1495 403 1562 Virginibus
419 1497 507 1545 Vestae
522 1510 623 1543 munera
638 1495 759 1556 distribui,

211 1568 318 1616 Flectere
334 1585 395 1635 quae
411 1566 518 1616 Marium
532 1565 645 1633 precibus
663 1568 719 1632 quia
734 1584 786 1616 non
802 1567 907 1625 valuere,

260 1641 341 1688 Nocte
357 1639 429 1687 simul
446 1638 509 1687 sevis
526 1655 551 1687 se
566 1638 690 1703 perimunt
705 1639 804 1704 laqueis.

356 1828 467 1872 LIBERE
484 1826 580 1871 DICTA
595 1826 661 1872 AUT
675 1827 776 1872 FACTA

556 1978 569 2009 2

213 2070 321 2118 Libertas
337 2069 412 2118 animi
427 2068 594 2118 moderamine
609 2068 670 2118 freta
685 2069 796 2119 favorem

262 2141 434 2206 Consequitur,
450 2140 555 2206 dignum
570 2157 622 2189 non
638 2141 762 2190 moderata
777 2141 904 2208 probrum.

214 2214 293 2278 Capto
308 2212 433 2271 Priverno,
450 2212 523 2260 caesis
539 2212 688 2277 primoribus
705 2212 780 2272 urbis,

262 2283 334 2332 Curia
349 2295 478 2350 pertractat
494 2283 524 2332 de
539 2283 639 2349 reliquis
656 2284 716 2350 quid
731 2294 794 2350 agat,

214 2356 281 2418 Quas
297 2354 388 2404 fuerint
403 2355 484 2403 meriti
499 2370 590 2421 poenas
606 2354 707 2422 inquirit
722 2355 753 2404 ab
768 2355 835 2422 ipsis,

261 2425 419 2493 Respondent
434 2426 471 2475 illi
486 2427 521 2475 nil
535 2427 632 2493 penitus
648 2426 729 2486 veriti,
803 2457 804 2460 =

216 2498 307 2560 «Quas
324 2498 367 2563 qui
384 2515 409 2546 se
424 2497 535 2546 dederint
550 2512 597 2564 pro
613 2497 723 2546 libertate
739 2498 828 2547 tuenda
837 2515 867 2557 »;

262 2570 372 2618 Plaucius
389 2569 426 2617 his
443 2570 529 2618 consul
545 2569 606 2617 dum
620 2568 686 2618 favet
702 2569 755 2618 infit
771 2569 813 2630 eis,

178 2738 197 2779 ⁸3
211 2735 302 2778 (me).(chi)
313 2746 345 2770 ras.
