2068 3216
209 141 258 204 184

328 227 329 231 ’
383 232 417 265 DE
432 229 639 265 uuuouraurnus
656 217 711 265 VH.
730 217 743 264 6

207 361 284 409 Tanta
300 359 347 408 sibi
362 359 440 408 fuerat
455 359 556 426 penuria
572 371 630 408 tunc
645 360 755 409 alimenti

257 432 339 495 Quam
353 446 399 497 pro
416 431 533 480 Romanis
550 431 686 481 sustinuere
702 433 760 492 suis,

208 503 272 553 Urbs
289 503 411 570 Campana
427 502 476 551 suis
493 502 575 551 hostes
593 510 643 568 quo
660 507 771 571 tempore
786 503 851 553 fovit
901 506 903 525 '¹

256 576 351 623 Poenos
367 574 505 640 omnigenis
521 574 621 642 perfida
629 574 726 625 delitiis.

207 648 277 695 Dum
292 647 460 696 Praenestinos
475 646 565 717 premit
580 646 688 713 Annibal
704 647 842 707 obsidione,

256 719 326 767 Unus
342 735 400 767 cum
416 718 534 784 grandem
548 715 677 785 perferat
670 719 795 779 aesuriem,

188 827 189 835 ,
207 789 323 840 Numinis
340 790 377 839 bis
393 802 493 839 eentum
508 805 603 838 murem
619 790 779 839 venumdedit
794 807 880 851 unum,

255 862 312 910 Plus
329 879 404 927 quam
420 879 444 910 se
460 861 564 928 cupidus
581 863 657 910 muris
673 873 737 910 amat
752 862 875 945 pretium;

207 933 288 982 Vendi
289 945 329 982 tor
344 934 449 1001 oppetiit
466 950 524 982 sevo
540 932 611 982 famis
627 934 710 982 ilicot
712 934 759 993 e0,l

257 1006 331 1072 Empt
332 1020 361 1053 or
377 1017 401 1054 et
417 1006 494 1053 evasit
509 1022 523 1053 a
538 1022 597 1054 nece
613 1006 689 1053 muris
705 1021 761 1073 ope.

208 1077 301 1125 Urbem
317 1076 378 1125 dum
393 1076 486 1125 Marius
502 1088 591 1125 vexant
607 1088 631 1125 et
648 1077 704 1125 Silla
721 1090 826 1136 severus,
879 1099 880 1102 ¹

256 1149 402 1197 Desciscunt
417 1148 493 1197 foedo
510 1148 609 1215 quando
626 1149 764 1215 supercilio,

207 1220 289 1269 Aurea
304 1220 455 1286 templorum
470 1219 589 1279 Vendunt,
606 1228 719 1285 argentea
735 1236 818 1279 necne,

256 1293 328 1351 Vasa,
345 1302 467 1340 senatores
482 1290 596 1358 claraque
611 1291 677 1340 dona
693 1291 801 1351 ducum;

207 1363 297 1411 Annua
313 1331 432 1411 militibus
449 1362 507 1411 dant
522 1363 579 1411 inde
596 1363 715 1430 stipendia
693 1363 858 1423 rcunctis,

257 1434 344 1483 Thecis
360 1434 444 1483 aerarii
460 1435 509 1483 iam
523 1435 620 1501 penitus
636 1435 727 1484 vacuis

209 1506 306 1555 Claudit
321 1506 466 1555 Arismundi
482 1506 542 1555 dum
558 1507 644 1555 Caesar
660 1502 756 1555 moenia
772 1506 842 1565 celsa,

256 1578 307 1627 illis
323 1579 433 1626 materies
450 1595 501 1626 non
517 1589 567 1626 erat
582 1578 632 1626 ulla
647 1578 707 1626 locis

209 1650 335 1715 Congruat
350 1649 480 1715 aggeribus
498 1666 559 1715 quae
574 1664 618 1717 per
634 1650 716 1715 girum
730 1648 893 1707 fabricandis;

258 1721 342 1788 Caepit
357 1721 495 1770 inauditum
510 1721 561 1770 dux
575 1722 627 1769 cito
642 1721 788 1770 consilium:

210 1793 311 1841 Hostica
326 1804 423 1859 patrato
438 1793 532 1841 iacuere
547 1793 664 1841 cadavera
679 1792 745 1841 bello

257 1866 286 1913 In
302 1865 393 1931 campis
409 1864 486 1913 multa
501 1865 616 1930 congerie
631 1865 736 1929 patulis:

208 1937 287 1984 Insuit
301 1937 343 1984 illa
359 1937 408 1984 suis
423 1952 468 2003 per
483 1948 567 1984 mutua
582 1936 684 1984 vulnera
699 1936 763 2002 pilis,

258 2009 311 2056 Nec
327 2007 374 2056 sibi
390 2007 473 2056 deesse
490 2008 561 2056 sudes
577 2007 692 2055 roboreus
709 2006 835 2072 queritur3

208 2079 315 2144 Aggeris
331 2079 357 2126 in
372 2092 468 2127 morem
483 2079 650 2146 compingitur
666 2078 740 2126 ardua
756 2078 842 2136 moles

257 2150 380 2217 Aequaret
396 2167 480 2198 muros
497 2167 558 2217 quae
574 2150 621 2199 sibi
637 2150 776 2215 contiguos.

210 2222 334 2270 Cretenses
352 2222 459 2284 Quintus
476 2222 596 2270 conclusit
611 2222 638 2269 in
652 2221 713 2270 urbe
729 2220 852 2280 Metellus,

257 2293 409 2359 Affliguntur
425 2305 448 2342 et
464 2293 499 2341 hii
514 2293 623 2342 cladibus
639 2293 751 2352 insolitis,

209 2365 327 2430 Dumque
343 2365 396 2432 capi
412 2377 532 2424 metuunt,
549 2366 765 2429 iumentorumque
781 2363 895 2412 biberunt

259 2437 409 2502 Urinamque
426 2453 502 2496 suam,
519 2454 563 2484 nec
579 2448 660 2484 tamen
676 2435 803 2501 effugiunt.

210 2507 341 2574 Perpendis
357 2508 488 2556 volucrum
504 2519 644 2575 serpentum
659 2524 735 2555 necne
750 2507 857 2555 ferarum

259 2580 331 2626 Hinc
341 2580 501 2644 Calagurritas
518 2580 660 2645 exuperasse
676 2595 769 2646 genus:

173 2756 192 2787 41
205 2746 226 2789 cs.
241 2745 296 2779 Valer.
306 2745 355 2779 Max.
365 2756 398 2787 vu,
409 2745 425 2787 6,
437 2757 451 2788 5,
463 2746 514 2779 armis
527 2745 608 2779 Mundae.
