2068 3216
787 177 796 206 1
805 177 813 206 1
822 179 830 221 5

310 247 344 280 on
359 246 568 280 arauoaauutaus
584 232 615 279 V.
636 249 645 279 1

171 374 221 423 Cur
236 390 288 423 non
304 374 424 424 mandarit
440 391 465 424 se
481 390 612 442 properate
628 385 707 440 rogat,

122 446 188 495 Nam
202 446 365 513 praemisisset
379 459 525 514 praetorem,
542 447 618 495 moris
635 457 663 494 ut
679 456 750 504 esset,

170 517 296 567 Praeberet
312 518 406 567 lautum
421 519 502 584 largus
519 529 546 566 ut
562 517 716 585 hospitium3

121 589 182 638 Ilico
198 605 341 638 communes
357 590 485 638 mandatur
500 590 567 639 adire
582 601 690 657 penates,

170 661 281 728 Cumque
298 661 347 710 suis
363 662 436 710 variis
452 662 559 711 vescitur
573 661 615 710 ille
631 660 700 721 cibis,

121 732 196 781 Vadit
211 732 345 782 honoratus
362 748 404 800 spe
420 733 551 800 multiplici
567 733 696 792 relevatus,

168 804 292 853 Promittit
306 816 434 872 promtum
449 805 522 854 Curia
538 804 681 854 subsidium.

120 875 150 924 In
165 875 233 925 bello
247 877 330 942 primo
345 893 447 942 magnae
464 876 616 942 Carthaginis
633 878 724 925 Hanno

168 947 228 998 Dux
243 949 296 1012 sust
308 949 410 1008 occisus,
428 948 502 997 Olbia
518 949 639 1015 diripitur,

120 1018 225 1069 Fortiter
241 1020 281 1068 hic
296 1035 343 1088 pro
360 1037 407 1087 qua
423 1020 483 1068 dum
499 1020 606 1079 dimicat,
623 1019 722 1078 occidit,
739 1030 805 1067 extra

169 1093 243 1141 Hosti
259 1092 399 1157 magnificas
415 1103 514 1159 apparat
531 1092 643 1158 exequias

121 1162 245 1212 Romanus
262 1163 350 1212 ductor
367 1164 511 1212 Cornelius:
528 1164 585 1212 hinc
602 1163 648 1211 sibi
664 1164 744 1211 maior

169 1237 231 1283 Laus
249 1251 323 1301 quam
338 1235 440 1284 devictis
457 1236 534 1284 crevit
549 1235 694 1301 Agenoreis.

120 1307 180 1354 Non
190 1307 255 1355 vaiet
271 1306 368 1355 affectus
386 1307 527 1374 Crispinum
541 1307 639 1355 vincere
656 1306 736 1365 binus,

168 1379 206 1426 Ira
222 1379 311 1443 gravis,
328 1377 406 1427 famae
422 1379 501 1444 gioria
515 1379 679 1445 pennigerae3

121 1449 264 1516 Canpanum
279 1450 384 1499 Badium
398 1452 466 1515 prius
483 1450 592 1517 hospitio
609 1462 750 1518 susceptum

168 1522 356 1589 Aegrorumque
370 1523 414 1589 pio
430 1522 526 1571 foverat
543 1522 672 1589 obsequio,

121 1592 180 1655 Qui,
196 1604 253 1659 post
268 1593 397 1661 perfidiam
412 1610 460 1661 qua
476 1593 566 1642 defecit
582 1594 729 1661 Capuanum,

169 1663 267 1712 Oblitus
284 1665 365 1713 meriti
380 1681 426 1713 nec
441 1681 536 1714 memor
552 1665 665 1730 hospicii,

120 1735 240 1784 Provocat
255 1737 281 1784 in
297 1736 364 1785 bello
380 1736 521 1804 Crispinum
535 1736 643 1803 perfidus
659 1736 734 1795 ultro,

168 1807 268 1857 Viribus
285 1808 325 1856 bic
341 1809 453 1875 quamvis
469 1808 561 1857 fortior
577 1820 650 1876 atque
665 1809 769 1866 animis;

120 1878 166 1927 Cui
182 1879 307 1946 Crispinus
323 1880 364 1939 ait,
383 1879 496 1946 «quibus
512 1897 528 1927 o
543 1879 613 1928 furiis
629 1880 726 1945 agitaris
743 1879 754 1927 ?

167 1951 281 1999 Foederis
298 1951 389 2000 oblitus
406 1951 527 2017 numquid
544 1968 568 2000 es
585 1951 714 2018 hospitii?

119 2023 180 2072 Non
195 2033 280 2071 movet
296 2038 421 2071 armorum
436 2039 476 2071 me
492 2035 578 2082 terror,
595 2023 677 2083 stulte,
693 2034 802 2081 tuorum,

168 2094 284 2160 Corporis
300 2105 342 2142 aut
357 2095 430 2153 vires,
447 2094 484 2142 his
502 2095 558 2160 quia
573 2111 612 2143 me
626 2094 708 2143 minor
723 2110 756 2153 es,

120 2164 167 2213 Sed
182 2165 275 2214 violare
290 2165 367 2233 pudet
384 2182 445 2233 quae
460 2177 543 2214 tecum
557 2165 657 2214 foedera
672 2167 758 2217 iunxi:

167 2237 259 2286 Nonne
275 2237 396 2286 recordari
415 2236 532 2286 debueras
549 2238 657 2286 meriti?

118 2309 233 2373 ignotam
249 2325 310 2375 quae
326 2320 350 2357 te
365 2308 436 2357 feriat
452 2309 610 2376 circumspice
626 2308 743 2369 dextram,

168 2379 221 2427 Etsi
236 2379 300 2428 forte
315 2380 389 2439 valet,
405 2397 457 2428 non
473 2396 526 2429 mea
542 2391 566 2429 te
581 2380 668 2430 feriet:

120 2450 236 2498 Strictum
251 2467 395 2499 mucronem
410 2453 505 2500 cervice
520 2463 562 2500 tua
578 2467 726 2511 revocarem,

168 2522 322 2587 Cognossem
337 2534 456 2571 nostrum*
466 2540 525 2572 mox
541 2523 594 2572 fore
610 2535 634 2571 re
650 2523 786 2585 Badium».
844 2548 866 2579 70

82 2711 240 2793 g6·(}prom).(tum)
260 2724 292 2747 ras.
354 2724 374 2756 5²
386 2713 517 2757 (agen)..(0reis)
537 2725 569 2748 ras.
631 2714 652 2756 64
663 2722 704 2748 aut:
725 2722 732 2747 r
751 2721 829 2759 suprascr.

49 2770 70 2802 70
93 2770 157 2793 alum.
