<?xml version="1.0" encoding="UTF-8"?>
<!DOCTYPE html PUBLIC "-//W3C//DTD XHTML 1.0 Transitional//EN"
    "http://www.w3.org/TR/xhtml1/DTD/xhtml1-transitional.dtd">
<html xmlns="http://www.w3.org/1999/xhtml" xml:lang="en" lang="en">
 <head>
  <title>
</title>
<meta http-equiv="Content-Type" content="text/html;charset=utf-8" />
  <meta name='ocr-system' content='tesseract 3.04.00' />
  <meta name='ocr-capabilities' content='ocr_page ocr_carea ocr_par ocr_line ocrx_word'/>
</head>
<body>
  <div class='ocr_page' id='page_1' title='image "MN40034ucmf_3_0201.png"; bbox 0 0 2068 3216; ppageno 0'>
   <div class='ocr_carea' id='block_1_1' title="bbox 165 142 682 260">
    <p class='ocr_par' dir='ltr' id='par_1_1' title="bbox 165 142 682 260">
     <span class='ocr_line' id='line_1_1' title="bbox 165 142 213 186; baseline 0 -14"><span class='ocrx_word' id='word_1_1' title='bbox 165 142 213 186; x_wconf 86' lang='lat'>124</span> 
     </span>
     <span class='ocr_line' id='line_1_2' title="bbox 350 200 682 260; baseline 0 -13"><span class='ocrx_word' id='word_1_2' title='bbox 350 215 384 247; x_wconf 80' lang='lat' dir='ltr'>nn</span> <span class='ocrx_word' id='word_1_3' title='bbox 399 213 606 248; x_wconf 78' lang='lat' dir='ltr'>unuonanrmsus</span> <span class='ocrx_word' id='word_1_4' title='bbox 622 200 652 247; x_wconf 86' lang='lat' dir='ltr'>V.</span> <span class='ocrx_word' id='word_1_5' title='bbox 672 216 682 260; x_wconf 76' lang='lat'>5</span> 
     </span>
    </p>
   </div>
   <div class='ocr_carea' id='block_1_2' title="bbox 160 341 931 2486">
    <p class='ocr_par' dir='ltr' id='par_1_2' title="bbox 160 341 931 2486">
     <span class='ocr_line' id='line_1_3' title="bbox 163 341 822 409; baseline 0.003 -21"><span class='ocrx_word' id='word_1_6' title='bbox 163 341 264 407; x_wconf 80' lang='lat' dir='ltr'>Expulit</span> <span class='ocrx_word' id='word_1_7' title='bbox 279 341 427 390; x_wconf 79' lang='lat' dir='ltr'><strong>Annibalem</strong></span> <span class='ocrx_word' id='word_1_8' title='bbox 443 342 565 408; x_wconf 86' lang='lat' dir='ltr'>Carthago</span> <span class='ocrx_word' id='word_1_9' title='bbox 580 342 676 407; x_wconf 85' lang='lat' dir='ltr'>ingrata·</span> <span class='ocrx_word' id='word_1_10' title='bbox 688 352 822 409; x_wconf 87' lang='lat' dir='ltr'>potentem,</span> 
     </span>
     <span class='ocr_line' id='line_1_4' title="bbox 211 413 710 482; baseline 0.002 -22"><span class='ocrx_word' id='word_1_11' title='bbox 211 413 275 461; x_wconf 82' lang='lat' dir='ltr'>Exul</span> <span class='ocrx_word' id='word_1_12' title='bbox 290 413 361 462; x_wconf 89' lang='lat' dir='ltr'>inobs</span> <span class='ocrx_word' id='word_1_13' title='bbox 378 414 448 474; x_wconf 87' lang='lat' dir='ltr'>obiit,</span> <span class='ocrx_word' id='word_1_14' title='bbox 464 414 541 482; x_wconf 89' lang='lat' dir='ltr'>patria</span> <span class='ocrx_word' id='word_1_15' title='bbox 556 430 602 462; x_wconf 92' lang='lat' dir='ltr'>nec</span> <span class='ocrx_word' id='word_1_16' title='bbox 617 413 710 481; x_wconf 87' lang='lat' dir='ltr'>sepelit.</span> 
     </span>
     <span class='ocr_line' id='line_1_5' title="bbox 162 483 709 552; baseline 0.004 -21"><span class='ocrx_word' id='word_1_17' title='bbox 162 483 253 533; x_wconf 78' lang='lat' dir='ltr'>Utilior</span> <span class='ocrx_word' id='word_1_18' title='bbox 269 484 329 535; x_wconf 82' lang='lat' dir='ltr'>civis</span> <span class='ocrx_word' id='word_1_19' title='bbox 348 485 484 552; x_wconf 89' lang='lat' dir='ltr'>Sparthanis</span> <span class='ocrx_word' id='word_1_20' title='bbox 500 501 575 534; x_wconf 90' lang='lat' dir='ltr'>nemo</span> <span class='ocrx_word' id='word_1_21' title='bbox 590 485 709 551; x_wconf 86' lang='lat' dir='ltr'>Ligurgo,</span> 
     </span>
     <span class='ocr_line' id='line_1_6' title="bbox 211 556 783 624; baseline -0.003 -18"><span class='ocrx_word' id='word_1_22' title='bbox 211 556 258 606; x_wconf 86' lang='lat' dir='ltr'>Cui</span> <span class='ocrx_word' id='word_1_23' title='bbox 275 557 333 606; x_wconf 88' lang='lat' dir='ltr'>dans</span> <span class='ocrx_word' id='word_1_24' title='bbox 350 558 459 606; x_wconf 88' lang='lat' dir='ltr'>oraclum</span> <span class='ocrx_word' id='word_1_25' title='bbox 474 573 577 623; x_wconf 86' lang='lat' dir='ltr'>magnus</span> <span class='ocrx_word' id='word_1_26' title='bbox 593 556 688 624; x_wconf 84' lang='lat' dir='ltr'>Apollo</span> <span class='ocrx_word' id='word_1_27' title='bbox 705 573 783 616; x_wconf 90' lang='lat' dir='ltr'>suum,</span> 
     </span>
     <span class='ocr_line' id='line_1_7' title="bbox 162 627 872 678; baseline 0.001 -2"><span class='ocrx_word' id='word_1_28' title='bbox 162 627 240 677; x_wconf 80' lang='lat' dir='ltr'>Ponat</span> <span class='ocrx_word' id='word_1_29' title='bbox 252 645 284 677; x_wconf 89' lang='lat' dir='ltr'>an</span> <span class='ocrx_word' id='word_1_30' title='bbox 296 629 361 677; x_wconf 89' lang='lat' dir='ltr'>hunc</span> <span class='ocrx_word' id='word_1_31' title='bbox 370 628 501 677; x_wconf 89' lang='lat' dir='ltr'>hominum</span> <span class='ocrx_word' id='word_1_32' title='bbox 510 644 615 677; x_wconf 89' lang='lat' dir='ltr'>numero</span> <span class='ocrx_word' id='word_1_33' title='bbox 624 643 758 677; x_wconf 89' lang='lat' dir='ltr'>numerove</span> <span class='ocrx_word' id='word_1_34' title='bbox 768 628 872 678; x_wconf 91' lang='lat' dir='ltr'>deorum</span> 
     </span>
     <span class='ocr_line' id='line_1_8' title="bbox 213 700 669 760; baseline -0.002 -11"><span class='ocrx_word' id='word_1_35' title='bbox 213 701 242 749; x_wconf 88' lang='lat' dir='ltr'>Se</span> <span class='ocrx_word' id='word_1_36' title='bbox 258 700 369 749; x_wconf 86' lang='lat' dir='ltr'>dubitare</span> <span class='ocrx_word' id='word_1_37' title='bbox 386 701 434 749; x_wconf 91' lang='lat' dir='ltr'>suis</span> <span class='ocrx_word' id='word_1_38' title='bbox 452 700 574 750; x_wconf 87' lang='lat' dir='ltr'>ediditex</span> <span class='ocrx_word' id='word_1_39' title='bbox 588 700 669 760; x_wconf 79' lang='lat' dir='ltr'>aditiS,</span> 
     </span>
     <span class='ocr_line' id='line_1_9' title="bbox 163 771 709 837; baseline 0 -18"><span class='ocrx_word' id='word_1_40' title='bbox 163 771 214 834; x_wconf 88' lang='lat' dir='ltr'>Qui</span> <span class='ocrx_word' id='word_1_41' title='bbox 231 772 314 821; x_wconf 78' lang='lat' dir='ltr'>statuit</span> <span class='ocrx_word' id='word_1_42' title='bbox 328 771 394 837; x_wconf 84' lang='lat' dir='ltr'>leges</span> <span class='ocrx_word' id='word_1_43' title='bbox 410 772 465 821; x_wconf 89' lang='lat' dir='ltr'>urbi</span> <span class='ocrx_word' id='word_1_44' title='bbox 481 772 579 837; x_wconf 79' lang='lat' dir='ltr'>civique</span> <span class='ocrx_word' id='word_1_45' title='bbox 595 771 709 830; x_wconf 75' lang='lat' dir='ltr'>salubres,</span> 
     </span>
     <span class='ocr_line' id='line_1_10' title="bbox 211 843 738 910; baseline -0.004 -18"><span class='ocrx_word' id='word_1_46' title='bbox 211 844 302 892; x_wconf 85' lang='lat' dir='ltr'>Hostes</span> <span class='ocrx_word' id='word_1_47' title='bbox 317 843 466 910; x_wconf 78' lang='lat' dir='ltr'>perdomuit,</span> <span class='ocrx_word' id='word_1_48' title='bbox 483 844 537 892; x_wconf 89' lang='lat' dir='ltr'>ocia</span> <span class='ocrx_word' id='word_1_49' title='bbox 553 859 647 892; x_wconf 86' lang='lat' dir='ltr'>summa</span> <span class='ocrx_word' id='word_1_50' title='bbox 663 843 738 902; x_wconf 82' lang='lat' dir='ltr'>dedit,</span> 
     </span>
     <span class='ocr_line' id='line_1_11' title="bbox 163 913 811 982; baseline 0.002 -20"><span class='ocrx_word' id='word_1_51' title='bbox 163 913 286 981; x_wconf 87' lang='lat' dir='ltr'>Turpibus</span> <span class='ocrx_word' id='word_1_52' title='bbox 303 915 369 964; x_wconf 89' lang='lat' dir='ltr'>hunc</span> <span class='ocrx_word' id='word_1_53' title='bbox 384 915 464 965; x_wconf 88' lang='lat' dir='ltr'>verbis</span> <span class='ocrx_word' id='word_1_54' title='bbox 480 915 614 965; x_wconf 76' lang='lat' dir='ltr'>lacerarunt</span> <span class='ocrx_word' id='word_1_55' title='bbox 630 929 686 982; x_wconf 87' lang='lat' dir='ltr'>sepe</span> <span class='ocrx_word' id='word_1_56' title='bbox 702 914 811 980; x_wconf 83' lang='lat' dir='ltr'>flagellis,</span> 
     </span>
     <span class='ocr_line' id='line_1_12' title="bbox 210 986 704 1055; baseline 0 -20"><span class='ocrx_word' id='word_1_57' title='bbox 210 986 271 1035; x_wconf 91' lang='lat' dir='ltr'>Inde</span> <span class='ocrx_word' id='word_1_58' title='bbox 286 1002 367 1035; x_wconf 87' lang='lat' dir='ltr'>carens</span> <span class='ocrx_word' id='word_1_59' title='bbox 384 1004 448 1036; x_wconf 88' lang='lat' dir='ltr'>noxa</span> <span class='ocrx_word' id='word_1_60' title='bbox 463 987 562 1055; x_wconf 83' lang='lat' dir='ltr'>pellitur</span> <span class='ocrx_word' id='word_1_61' title='bbox 577 987 638 1036; x_wconf 92' lang='lat' dir='ltr'>urbe</span> <span class='ocrx_word' id='word_1_62' title='bbox 654 1004 704 1035; x_wconf 87' lang='lat' dir='ltr'>sua.</span> 
     </span>
     <span class='ocr_line' id='line_1_13' title="bbox 163 1057 793 1125; baseline 0.003 -20"><span class='ocrx_word' id='word_1_63' title='bbox 163 1057 251 1106; x_wconf 81' lang='lat' dir='ltr'>Sollers</span> <span class='ocrx_word' id='word_1_64' title='bbox 268 1058 408 1124; x_wconf 84' lang='lat' dir='ltr'>magnificas</span> <span class='ocrx_word' id='word_1_65' title='bbox 425 1058 532 1108; x_wconf 91' lang='lat' dir='ltr'>Theseus</span> <span class='ocrx_word' id='word_1_66' title='bbox 553 1058 656 1125; x_wconf 83' lang='lat' dir='ltr'>perfecit</span> <span class='ocrx_word' id='word_1_67' title='bbox 676 1059 793 1119; x_wconf 85' lang='lat' dir='ltr'>Athenas,</span> 
     </span>
     <span class='ocr_line' id='line_1_14' title="bbox 211 1129 758 1191; baseline 0.002 -13"><span class='ocrx_word' id='word_1_68' title='bbox 211 1131 301 1178; x_wconf 88' lang='lat' dir='ltr'>Hostes</span> <span class='ocrx_word' id='word_1_69' title='bbox 319 1129 452 1190; x_wconf 81' lang='lat' dir='ltr'>submouit,</span> <span class='ocrx_word' id='word_1_70' title='bbox 469 1130 566 1179; x_wconf 88' lang='lat' dir='ltr'>moenia</span> <span class='ocrx_word' id='word_1_71' title='bbox 582 1130 716 1191; x_wconf 87' lang='lat' dir='ltr'>constituit,</span> <span class='ocrx_word' id='word_1_72' title='bbox 755 1149 758 1165; x_wconf 65' lang='lat'><em>2</em></span> 
     </span>
     <span class='ocr_line' id='line_1_15' title="bbox 163 1201 678 1267; baseline 0.004 -18"><span class='ocrx_word' id='word_1_73' title='bbox 163 1201 269 1267; x_wconf 87' lang='lat' dir='ltr'>Collegit</span> <span class='ocrx_word' id='word_1_74' title='bbox 284 1202 350 1250; x_wconf 82' lang='lat' dir='ltr'>cives</span> <span class='ocrx_word' id='word_1_75' title='bbox 365 1203 455 1267; x_wconf 83' lang='lat' dir='ltr'>agresti</span> <span class='ocrx_word' id='word_1_76' title='bbox 470 1217 539 1251; x_wconf 90' lang='lat' dir='ltr'>more</span> <span class='ocrx_word' id='word_1_77' title='bbox 554 1214 678 1267; x_wconf 69' lang='lat' dir='ltr'>vagantes</span> 
     </span>
     <span class='ocr_line' id='line_1_16' title="bbox 212 1272 715 1341; baseline 0.002 -20"><span class='ocrx_word' id='word_1_78' title='bbox 212 1274 322 1322; x_wconf 86' lang='lat' dir='ltr'>Correxit</span> <span class='ocrx_word' id='word_1_79' title='bbox 334 1288 419 1322; x_wconf 89' lang='lat' dir='ltr'>mores</span> <span class='ocrx_word' id='word_1_80' title='bbox 436 1290 498 1341; x_wconf 91' lang='lat' dir='ltr'>quos</span> <span class='ocrx_word' id='word_1_81' title='bbox 514 1272 620 1322; x_wconf 87' lang='lat' dir='ltr'>habuere</span> <span class='ocrx_word' id='word_1_82' title='bbox 635 1274 715 1333; x_wconf 89' lang='lat' dir='ltr'>rudes,</span> 
     </span>
     <span class='ocr_line' id='line_1_17' title="bbox 162 1344 775 1412; baseline 0.002 -19"><span class='ocrx_word' id='word_1_83' title='bbox 162 1344 255 1393; x_wconf 87' lang='lat' dir='ltr'>Minois</span> <span class='ocrx_word' id='word_1_84' title='bbox 271 1344 402 1412; x_wconf 85' lang='lat' dir='ltr'>imperium</span> <span class='ocrx_word' id='word_1_85' title='bbox 416 1345 490 1411; x_wconf 85' lang='lat' dir='ltr'>fregit</span> <span class='ocrx_word' id='word_1_86' title='bbox 505 1344 619 1394; x_wconf 93' lang='lat' dir='ltr'>bellando</span> <span class='ocrx_word' id='word_1_87' title='bbox 636 1345 775 1411; x_wconf 88' lang='lat' dir='ltr'>superbum,</span> 
     </span>
     <span class='ocr_line' id='line_1_18' title="bbox 211 1412 762 1484; baseline 0 -19"><span class='ocrx_word' id='word_1_88' title='bbox 211 1416 306 1465; x_wconf 86' lang='lat' dir='ltr'>Thebas</span> <span class='ocrx_word' id='word_1_89' title='bbox 323 1412 427 1465; x_wconf 88' lang='lat' dir='ltr'>subiecit</span> <span class='ocrx_word' id='word_1_90' title='bbox 441 1428 599 1484; x_wconf 87' lang='lat' dir='ltr'>monstraque</span> <span class='ocrx_word' id='word_1_91' title='bbox 614 1417 762 1484; x_wconf 90' lang='lat' dir='ltr'>perdomuit,</span> 
     </span>
     <span class='ocr_line' id='line_1_19' title="bbox 163 1487 857 1556; baseline 0 -20"><span class='ocrx_word' id='word_1_92' title='bbox 163 1487 230 1537; x_wconf 91' lang='lat' dir='ltr'>Urbe</span> <span class='ocrx_word' id='word_1_93' title='bbox 244 1487 332 1556; x_wconf 91' lang='lat' dir='ltr'>procul</span> <span class='ocrx_word' id='word_1_94' title='bbox 348 1488 421 1555; x_wconf 91' lang='lat' dir='ltr'>pulso</span> <span class='ocrx_word' id='word_1_95' title='bbox 437 1505 489 1537; x_wconf 90' lang='lat' dir='ltr'>non</span> <span class='ocrx_word' id='word_1_96' title='bbox 505 1500 541 1537; x_wconf 91' lang='lat' dir='ltr'>est</span> <span class='ocrx_word' id='word_1_97' title='bbox 556 1489 625 1537; x_wconf 90' lang='lat' dir='ltr'>loeus</span> <span class='ocrx_word' id='word_1_98' title='bbox 642 1490 686 1538; x_wconf 87' lang='lat' dir='ltr'>hac</span> <span class='ocrx_word' id='word_1_99' title='bbox 702 1489 747 1538; x_wconf 89' lang='lat' dir='ltr'>sibi</span> <span class='ocrx_word' id='word_1_100' title='bbox 763 1489 857 1547; x_wconf 86' lang='lat' dir='ltr'>functo,</span> 
     </span>
     <span class='ocr_line' id='line_1_20' title="bbox 209 1560 713 1609; baseline 0 -1"><span class='ocrx_word' id='word_1_101' title='bbox 209 1560 292 1608; x_wconf 87' lang='lat' dir='ltr'>Insula</span> <span class='ocrx_word' id='word_1_102' title='bbox 308 1575 365 1608; x_wconf 89' lang='lat' dir='ltr'>nam</span> <span class='ocrx_word' id='word_1_103' title='bbox 381 1561 450 1609; x_wconf 90' lang='lat' dir='ltr'>Ciros</span> <span class='ocrx_word' id='word_1_104' title='bbox 467 1560 523 1609; x_wconf 88' lang='lat' dir='ltr'>eius</span> <span class='ocrx_word' id='word_1_105' title='bbox 534 1572 593 1609; x_wconf 82' lang='lat' dir='ltr'>ovat</span> <span class='ocrx_word' id='word_1_106' title='bbox 608 1561 713 1609; x_wconf 91' lang='lat' dir='ltr'>tumulo.</span> 
     </span>
     <span class='ocr_line' id='line_1_21' title="bbox 161 1630 693 1697; baseline 0.002 -18"><span class='ocrx_word' id='word_1_107' title='bbox 161 1630 216 1696; x_wconf 86' lang='lat' dir='ltr'>Ipse</span> <span class='ocrx_word' id='word_1_108' title='bbox 233 1631 310 1680; x_wconf 88' lang='lat' dir='ltr'>Solon</span> <span class='ocrx_word' id='word_1_109' title='bbox 324 1630 390 1697; x_wconf 85' lang='lat' dir='ltr'>leges</span> <span class='ocrx_word' id='word_1_110' title='bbox 407 1631 448 1680; x_wconf 87' lang='lat' dir='ltr'>dat</span> <span class='ocrx_word' id='word_1_111' title='bbox 463 1631 558 1680; x_wconf 79' lang='lat' dir='ltr'>civibus</span> <span class='ocrx_word' id='word_1_112' title='bbox 575 1632 693 1691; x_wconf 86' lang='lat' dir='ltr'>utiliores,</span> 
     </span>
     <span class='ocr_line' id='line_1_22' title="bbox 211 1702 931 1770; baseline 0.008 -20"><span class='ocrx_word' id='word_1_113' title='bbox 211 1703 273 1765; x_wconf 89' lang='lat' dir='ltr'>Quis</span> <span class='ocrx_word' id='word_1_114' title='bbox 289 1719 342 1752; x_wconf 89' lang='lat' dir='ltr'>non</span> <span class='ocrx_word' id='word_1_115' title='bbox 357 1702 405 1751; x_wconf 90' lang='lat' dir='ltr'>sint</span> <span class='ocrx_word' id='word_1_116' title='bbox 420 1703 497 1762; x_wconf 84' lang='lat' dir='ltr'>fruiti,</span> <span class='ocrx_word' id='word_1_117' title='bbox 514 1704 569 1770; x_wconf 90' lang='lat' dir='ltr'>quis</span> <span class='ocrx_word' id='word_1_118' title='bbox 585 1703 670 1752; x_wconf 86' lang='lat' dir='ltr'>fierent</span> <span class='ocrx_word' id='word_1_119' title='bbox 686 1703 781 1751; x_wconf 90' lang='lat' dir='ltr'>domini</span> <span class='ocrx_word' id='word_1_120' title='bbox 791 1722 810 1762; x_wconf 95' lang='grc'>;-</span> <span class='ocrx_word' id='word_1_121' title='bbox 871 1711 884 1747; x_wconf 87' lang='lat' dir='ltr'>f·</span> <span class='ocrx_word' id='word_1_122' title='bbox 898 1723 931 1757; x_wconf 72' lang='lat' dir='ltr'>sav</span> 
     </span>
     <span class='ocr_line' id='line_1_23' title="bbox 162 1773 710 1841; baseline 0.002 -20"><span class='ocrx_word' id='word_1_123' title='bbox 162 1773 255 1823; x_wconf 82' lang='lat' dir='ltr'>Subicit</span> <span class='ocrx_word' id='word_1_124' title='bbox 270 1775 383 1823; x_wconf 84' lang='lat' dir='ltr'>infestam</span> <span class='ocrx_word' id='word_1_125' title='bbox 397 1775 469 1841; x_wconf 81' lang='lat' dir='ltr'>uigili</span> <span class='ocrx_word' id='word_1_126' title='bbox 484 1790 542 1823; x_wconf 86' lang='lat' dir='ltr'>cura</span> <span class='ocrx_word' id='word_1_127' title='bbox 558 1775 710 1834; x_wconf 87' lang='lat' dir='ltr'>Salaminam,</span> 
     </span>
     <span class='ocr_line' id='line_1_24' title="bbox 209 1846 770 1914; baseline -0.002 -19"><span class='ocrx_word' id='word_1_128' title='bbox 209 1846 314 1895; x_wconf 83' lang='lat' dir='ltr'>Aemula</span> <span class='ocrx_word' id='word_1_129' title='bbox 330 1862 425 1912; x_wconf 89' lang='lat' dir='ltr'>semper</span> <span class='ocrx_word' id='word_1_130' title='bbox 441 1858 491 1895; x_wconf 84' lang='lat' dir='ltr'>erat</span> <span class='ocrx_word' id='word_1_131' title='bbox 507 1862 568 1914; x_wconf 86' lang='lat' dir='ltr'>quae</span> <span class='ocrx_word' id='word_1_132' title='bbox 585 1846 631 1895; x_wconf 89' lang='lat' dir='ltr'>sibi</span> <span class='ocrx_word' id='word_1_133' title='bbox 647 1847 770 1911; x_wconf 83' lang='lat' dir='ltr'>contigua,</span> 
     </span>
     <span class='ocr_line' id='line_1_25' title="bbox 160 1915 673 1986; baseline 0.002 -22"><span class='ocrx_word' id='word_1_134' title='bbox 160 1915 208 1965; x_wconf 84' lang='lat' dir='ltr'>Iste</span> <span class='ocrx_word' id='word_1_135' title='bbox 224 1918 342 1967; x_wconf 87' lang='lat' dir='ltr'>Pisistrati</span> <span class='ocrx_word' id='word_1_136' title='bbox 357 1918 466 1967; x_wconf 91' lang='lat' dir='ltr'>studium</span> <span class='ocrx_word' id='word_1_137' title='bbox 482 1917 572 1966; x_wconf 89' lang='lat' dir='ltr'>detexit</span> <span class='ocrx_word' id='word_1_138' title='bbox 587 1918 673 1986; x_wconf 87' lang='lat' dir='ltr'>iniqui,</span> 
     </span>
     <span class='ocr_line' id='line_1_26' title="bbox 209 1989 772 2055; baseline 0.002 -18"><span class='ocrx_word' id='word_1_139' title='bbox 209 1989 275 2039; x_wconf 90' lang='lat' dir='ltr'>Hinc</span> <span class='ocrx_word' id='word_1_140' title='bbox 291 1989 394 2055; x_wconf 88' lang='lat' dir='ltr'>Ciprum</span> <span class='ocrx_word' id='word_1_141' title='bbox 408 1989 481 2055; x_wconf 83' lang='lat' dir='ltr'>fugit,</span> <span class='ocrx_word' id='word_1_142' title='bbox 498 1989 560 2037; x_wconf 87' lang='lat' dir='ltr'>hanc</span> <span class='ocrx_word' id='word_1_143' title='bbox 576 1989 685 2038; x_wconf 87' lang='lat' dir='ltr'>habitans</span> <span class='ocrx_word' id='word_1_144' title='bbox 702 1989 772 2039; x_wconf 88' lang='lat' dir='ltr'>obiit.</span> 
     </span>
     <span class='ocr_line' id='line_1_27' title="bbox 160 2059 704 2111; baseline 0.004 -4"><span class='ocrx_word' id='word_1_145' title='bbox 160 2059 227 2108; x_wconf 90' lang='lat' dir='ltr'>Vicit</span> <span class='ocrx_word' id='word_1_146' title='bbox 242 2062 369 2111; x_wconf 89' lang='lat' dir='ltr'>Persarum</span> <span class='ocrx_word' id='word_1_147' title='bbox 384 2060 454 2110; x_wconf 81' lang='lat' dir='ltr'>fortis</span> <span class='ocrx_word' id='word_1_148' title='bbox 470 2073 507 2110; x_wconf 88' lang='lat' dir='ltr'>ter</span> <span class='ocrx_word' id='word_1_149' title='bbox 522 2061 590 2109; x_wconf 87' lang='lat' dir='ltr'>milia</span> <span class='ocrx_word' id='word_1_150' title='bbox 605 2072 704 2110; x_wconf 90' lang='lat' dir='ltr'>centum</span> 
     </span>
     <span class='ocr_line' id='line_1_28' title="bbox 208 2132 729 2192; baseline 0 -11"><span class='ocrx_word' id='word_1_151' title='bbox 208 2133 268 2182; x_wconf 86' lang='lat' dir='ltr'>Dux</span> <span class='ocrx_word' id='word_1_152' title='bbox 283 2132 420 2182; x_wconf 89' lang='lat' dir='ltr'>Miliciades</span> <span class='ocrx_word' id='word_1_153' title='bbox 436 2134 462 2182; x_wconf 88' lang='lat' dir='ltr'>in</span> <span class='ocrx_word' id='word_1_154' title='bbox 477 2133 623 2182; x_wconf 88' lang='lat' dir='ltr'>Marathone</span> <span class='ocrx_word' id='word_1_155' title='bbox 639 2133 729 2192; x_wconf 88' lang='lat' dir='ltr'>semel;</span> 
     </span>
     <span class='ocr_line' id='line_1_29' title="bbox 161 2203 795 2263; baseline 0.003 -13"><span class='ocrx_word' id='word_1_156' title='bbox 161 2203 235 2252; x_wconf 91' lang='lat' dir='ltr'>Hunc</span> <span class='ocrx_word' id='word_1_157' title='bbox 249 2204 362 2253; x_wconf 88' lang='lat' dir='ltr'>vinctum</span> <span class='ocrx_word' id='word_1_158' title='bbox 376 2204 435 2253; x_wconf 86' lang='lat' dir='ltr'>loris</span> <span class='ocrx_word' id='word_1_159' title='bbox 451 2203 580 2253; x_wconf 90' lang='lat' dir='ltr'>includunt</span> <span class='ocrx_word' id='word_1_160' title='bbox 596 2204 696 2253; x_wconf 88' lang='lat' dir='ltr'>carceris</span> <span class='ocrx_word' id='word_1_161' title='bbox 712 2205 795 2263; x_wconf 88' lang='lat' dir='ltr'>antris,</span> 
     </span>
     <span class='ocr_line' id='line_1_30' title="bbox 209 2275 787 2335; baseline 0 -11"><span class='ocrx_word' id='word_1_162' title='bbox 209 2276 294 2325; x_wconf 83' lang='lat' dir='ltr'>Exalat</span> <span class='ocrx_word' id='word_1_163' title='bbox 310 2286 413 2325; x_wconf 88' lang='lat' dir='ltr'>mestam</span> <span class='ocrx_word' id='word_1_164' title='bbox 428 2276 523 2325; x_wconf 83' lang='lat' dir='ltr'>clausus</span> <span class='ocrx_word' id='word_1_165' title='bbox 539 2276 566 2324; x_wconf 94' lang='lat' dir='ltr'>in</span> <span class='ocrx_word' id='word_1_166' title='bbox 581 2275 630 2324; x_wconf 92' lang='lat' dir='ltr'>hoc</span> <span class='ocrx_word' id='word_1_167' title='bbox 645 2276 767 2335; x_wconf 87' lang='lat' dir='ltr'>animam;</span> <span class='ocrx_word' id='word_1_168' title='bbox 786 2302 787 2305; x_wconf 61' lang='lat'><em>=</em></span> 
     </span>
     <span class='ocr_line' id='line_1_31' title="bbox 160 2346 769 2413; baseline 0.002 -18"><span class='ocrx_word' id='word_1_169' title='bbox 160 2347 252 2396; x_wconf 87' lang='lat' dir='ltr'>Functa</span> <span class='ocrx_word' id='word_1_170' title='bbox 268 2346 405 2413; x_wconf 89' lang='lat' dir='ltr'>sepulturae</span> <span class='ocrx_word' id='word_1_171' title='bbox 420 2358 551 2396; x_wconf 85' lang='lat' dir='ltr'>vetuerunt</span> <span class='ocrx_word' id='word_1_172' title='bbox 567 2347 667 2396; x_wconf 87' lang='lat' dir='ltr'>menbra</span> <span class='ocrx_word' id='word_1_173' title='bbox 682 2348 769 2407; x_wconf 89' lang='lat' dir='ltr'>locare,</span> 
     </span>
     <span class='ocr_line' id='line_1_32' title="bbox 209 2418 804 2486; baseline 0.002 -19"><span class='ocrx_word' id='word_1_174' title='bbox 209 2419 306 2484; x_wconf 86' lang='lat' dir='ltr'>Cymon</span> <span class='ocrx_word' id='word_1_175' title='bbox 321 2419 402 2467; x_wconf 82' lang='lat' dir='ltr'>vincla</span> <span class='ocrx_word' id='word_1_176' title='bbox 417 2420 492 2486; x_wconf 91' lang='lat' dir='ltr'>patris</span> <span class='ocrx_word' id='word_1_177' title='bbox 509 2418 595 2478; x_wconf 91' lang='lat' dir='ltr'>donec,</span> <span class='ocrx_word' id='word_1_178' title='bbox 613 2418 713 2486; x_wconf 91' lang='lat' dir='ltr'>ephebe,</span> <span class='ocrx_word' id='word_1_179' title='bbox 730 2419 804 2468; x_wconf 89' lang='lat' dir='ltr'>subis.</span> 
     </span>
    </p>
   </div>
   <div class='ocr_carea' id='block_1_3' title="bbox 123 2725 595 2770">
    <p class='ocr_par' dir='ltr' id='par_1_3' title="bbox 123 2725 595 2770">
     <span class='ocr_line' id='line_1_33' title="bbox 123 2725 595 2770; baseline 0.002 -11"><span class='ocrx_word' id='word_1_180' title='bbox 123 2737 143 2769; x_wconf 81' lang='lat'>57</span> <span class='ocrx_word' id='word_1_181' title='bbox 156 2726 273 2769; x_wconf 82' lang='lat' dir='ltr'>(ponat)..(an)</span> <span class='ocrx_word' id='word_1_182' title='bbox 284 2737 317 2760; x_wconf 86' lang='lat' dir='ltr'>ras.</span> <span class='ocrx_word' id='word_1_183' title='bbox 353 2725 440 2769; x_wconf 87' lang='lat' dir='ltr'>d(eorum)</span> <span class='ocrx_word' id='word_1_184' title='bbox 453 2728 482 2760; x_wconf 74' lang='lat' dir='ltr'>vix</span> <span class='ocrx_word' id='word_1_185' title='bbox 496 2725 526 2769; x_wconf 80' lang='lat' dir='ltr'>legi</span> <span class='ocrx_word' id='word_1_186' title='bbox 536 2732 595 2770; x_wconf 73' lang='lat' dir='ltr'>potest.</span> 
     </span>
    </p>
   </div>
   <div class='ocr_carea' id='block_1_4' title="bbox 0 0 1038 3216">
    <p class='ocr_par' dir='ltr' id='par_1_4' title="bbox 0 0 1038 3216">
     <span class='ocr_line' id='line_1_34' title="bbox 0 0 1038 3216; baseline 0 1"><span class='ocrx_word' id='word_1_187' title='bbox 0 0 1038 3216; x_wconf 95' lang='lat' dir='ltr'> </span> 
     </span>
    </p>
   </div>
  </div>
 </body>
</html>
