2068 3216
389 216 524 251 MIRACULA
540 217 558 250 S.
576 217 726 251 BENEDICTr

197 344 335 411 Helgardus
352 360 438 412 spurca
454 362 480 394 se
495 344 579 394 mersit
595 355 683 410 sponte
699 345 785 394 latrina

243 416 285 467 Ad
301 432 376 482 quem
384 415 512 482 confugit,
529 416 652 465 sterculus
664 416 729 465 hunc
745 418 833 482 rapuit.

195 488 316 538 Astrictus
333 488 410 553 glacie
426 488 500 554 Liger
514 489 594 538 amnis
610 499 721 555 tempore
737 488 837 538 brumae

243 559 344 609 Praebet
359 559 405 608 iter
421 571 504 609 sancto
520 559 614 611 mobile
628 559 750 626 legifer0;
910 574 945 606 31⁰

195 632 330 698 imponunt
345 631 404 680 naui
421 631 472 679 sine
488 632 581 697 remige
596 631 706 682 membra
721 632 840 697 magistri,

244 702 397 769 Obpositum
413 702 583 769 flumen-quae
599 714 663 752 secat
678 714 703 751 et
718 703 826 769 glatiem.
864 731 866 734 ⁴

195 775 277 824 Floret
293 775 425 834 Floriacus,
440 774 497 824 visu
513 774 652 841 spectabile,
668 775 738 824 vicus

243 846 319 896 Patris
335 846 366 896 ad
383 846 519 906 introitum,
536 847 652 905 luxerat,
669 846 804 912 effugium;

195 919 261 967 Hinc
278 919 381 984 sumpsit
396 934 496 978 nomen,
512 918 582 967 cuius
598 917 647 967 fuit
661 929 718 967 ante
733 935 853 969 vocamen
911 933 942 968 315

242 990 324 1041 Aurea
340 990 426 1049 Vallis,
443 1007 473 1039 eo
490 989 559 1056 quod
576 990 610 1039 sits
622 990 721 1056 opimus
737 989 823 1039 humo.

194 1062 267 1112 Iussit
282 1061 382 1129 Pipinus
391 1062 473 1129 ¹patris
489 1061 583 1113 almum
597 1061 812 1129 redderepignus,

242 1133 335 1194 Audes,
351 1133 459 1199 Remigi,
475 1132 539 1182 iussa
554 1132 660 1182 nefanda
675 1133 761 1199 sequi:

194 1206 298 1255 Lumine
313 1205 425 1271 privaris,
442 1206 537 1255 Cassini
552 1220 634 1256 meror
648 1205 762 1265 alumnis,

242 1277 341 1327 Nostris
358 1277 466 1326 exoritur
481 1277 589 1326 laeticiae
603 1276 702 1326 iubilus.
906 1293 944 1326 '320

194 1350 264 1398 Dum
278 1349 351 1398 cubat
368 1350 395 1398 in
409 1350 482 1408 lecto,
497 1348 587 1398 cecidit
603 1347 673 1397 Raho
688 1347 790 1397 verbere
806 1348 880 1408 iusto,

244 1420 326 1483 Quem
340 1432 411 1488 pater
423 1420 530 1470 incurvo
546 1420 682 1486 perculerat
698 1418 795 1479 baculo,

194 1492 285 1558 Inquit,
303 1490 384 1552 «fare,
400 1508 469 1541 meus
486 1491 627 1558 quidfecit,
644 1490 722 1551 Ratio,
739 1490 868 1550 Radulfus,

243 1563 336 1613 Fraude
350 1579 420 1630 paras
437 1563 522 1629 gladio
539 1579 613 1629 quem
628 1562 739 1628 iugulare
754 1574 799 1611 tuo
815 1562 850 1611 ?»

194 1634 281 1684 Libera
296 1634 440 1685 cum-navis
455 1633 559 1685 fratrum
573 1634 639 1683 foret
653 1651 668 1683 a
682 1633 813 1694 theloneis,
911 1651 942 1684 325

243 1707 349 1755 Exactor
363 1705 424 1755 fisco
441 1706 551 1756 subdidit
566 1705 676 1765 insolito,

195 1777 264 1839 Quae
280 1778 384 1829 celerem
399 1776 606 1827 contrafluvium
621 1777 697 1826 currit
713 1776 765 1825 sine
780 1788 861 1836 nauta,

244 1849 283 1897 Sic
298 1849 329 1898 ad
343 1850 497 1916 posterulam
510 1849 631 1916 pervenit,
647 1848 719 1907 alme,
735 1859 810 1898 tuam.

195 1920 362 1981 Ercambalde‚
378 1921 424 1970 tibi
439 1932 508 1988 patet
523 1932 585 1970 astat
600 1930 673 1969 nocte
689 1918 797 1979 cubanti,

243 1993 275 2040 Et
289 2006 351 2057 puer
366 1992 466 2041 assiduo
483 1993 580 2041 iunctus
597 1992 624 2050 in
639 1990 770 2056 obsequio,
786 2026 788 2029 .
911 2010 944 2045 330

195 2063 268 2111 «Cur
281 2079 369 2114 somno
382 2079 494 2129 pressum
505 2063 590 2112 fratres
601 2061 710 2112 referant
726 2062 760 2110 Ρ»
774 2063 825 2121 ait3
838 2062 909 2112 illum

241 2134 322 2183 Dictis
337 2134 457 2195 laetificat,
473 2135 583 2186 mesticia
598 2135 696 2183 relevat.

195 2205 262 2264 Odo,
278 2222 323 2254 cur
338 2206 416 2255 inhias
432 2206 547 2256 invadere
562 2221 600 2255 res
616 2205 706 2254 alienas
723 2204 734 2253 ?

242 2277 319 2325 Heres
336 2276 455 2326 fecundae
470 2294 522 2326 non
538 2278 585 2326 eris
596 2276 732 2335 =aeclesiae3

195 2348 298 2412 Surripis
315 2365 369 2397 ecce
385 2349 433 2397 tibi
449 2349 509 2398 dum
524 2364 580 2397 rura
594 2349 670 2415 patris
686 2347 829 2407 venerandi,
911 2361 958 2404 335·

242 2419 342 2468 Occidis
358 2420 385 2468 in
400 2420 467 2469 bello
482 2437 566 2469 caesus
582 2419 613 2469 ab
629 2419 701 2469 hoste
716 2418 778 2468 fero.

195 2489 312 2549 Somniat,
329 2501 353 2538 et
369 2491 459 2540 fluvius
476 2492 557 2556 porcis
575 2502 625 2540 erat
641 2491 707 2540 Obla
723 2489 835 2550 refertus,
853 2517 855 2521 >

159 2642 190 2676 312
201 2631 309 2675 oppositum,
320 2643 363 2676 quo,
373 2630 446 2675 glaciem
452 2631 536 2667 Mobillon.
599 2644 630 2677 3²0
640 2633 718 2667 exoritur
727 2633 805 2669 laeticiae
817 2633 881 2668 iubilus
894 2636 911 2669 in

122 2690 154 2714 ras.
161 2685 177 2713 et
182 2678 204 2713 al.
211 2689 252 2713 man.
301 2690 331 2723 3²1
339 2680 393 2714 raho:
406 2680 419 2714 b
427 2687 506 2724 suprascr,
564 2691 594 2724 3²5
605 2680 692 2715 theloneis
702 2697 720 2709 =
728 2681 802 2717 teloneis
810 2692 814 2715 :
828 2682 849 2726 cf,
860 2682 910 2727 corp.

123 2726 176 2761 Gloss.
186 2727 232 2768 Lat„
241 2737 262 2769 11,
273 2738 336 2772 595,·5.
408 2745 409 2748 ¹
