2068 3216
765 147 811 191 205

274 218 308 251 nu
324 216 530 252 Muuouauturnus
547 202 614 251 VIH.
632 219 646 267 9

107 362 120 393 <‹
130 346 196 393 Haec
203 345 223 393 si
231 344 295 394 salva
302 344 383 394 forent
392 362 414 404 >›,
421 345 564 411 pronuntiat
571 344 631 412 ipse,
645 362 659 392 «
667 345 798 411 perissem»
810 364 815 395 ε

154 415 243 465 Maluit
258 416 298 465 hic
313 416 388 464 animi
404 433 478 484 quam
492 416 546 466 fore
562 417 643 466 cultor
658 416 719 482 agri.
820 437 853 460 110

105 488 172 537 Urbe
189 488 305 537 Siracusia
322 488 406 547 solvis,
423 487 545 548 Marcelle,
563 488 661 537 subacta

152 559 334 618 Archimedem,
350 560 462 625 quamvis
478 559 518 608 hic
533 560 607 608 nimis
622 559 755 620 obstiterit,

106 631 157 694 Qui
173 631 320 697 geometriae
336 630 405 680 radio
422 631 550 680 scribendo
566 630 664 697 figuras,

155 703 200 751 His
216 702 357 752 intendebat
372 702 464 751 lumina
479 702 541 752 fixus
558 702 644 762 humi;

105 774 179 822 Irruit
195 791 250 823 ecce
265 773 370 823 domum
385 774 523 823 stimulante
539 774 653 842 cupidine
669 774 747 834 miles,

157 846 242 895 Gestat
257 845 374 894 nudatam
389 857 470 894 mente
484 845 568 894 furens
583 846 708 905 frameam,

106 916 297 983 Archimedique
313 917 407 965 minans
423 916 490 966 iubet
506 917 584 966 edicat
600 918 651 966 cito
667 933 767 977 nomen,

155 989 274 1056 Aspetsus
291 988 352 1037 dixit
367 989 468 1056 pulvere
485 989 527 1054 qui
543 989 642 1054 digitos,

108 1060 243 1126 «Indulge,
258 1075 353 1127 precor,
370 1060 412 1109 has
428 1060 575 1126 investigare
590 1060 713 1127 figuras»,

156 1132 232 1180 Tanta
247 1131 296 1180 fuit
310 1147 399 1181 verum
414 1147 527 1197 quaerere
543 1147 600 1181 cura
616 1132 679 1191 sibi;

106 1202 249 1269 Indignatus
266 1219 323 1253 eum
338 1203 408 1252 miles
424 1219 541 1251 mucrone
556 1203 669 1262 trucidat,
686 1247 688 1255 2

157 1275 278 1340 Sanguine
292 1274 402 1340 perfudit
417 1274 460 1340 qui
476 1274 600 1324 theorema
617 1291 696 1324 suum.
750 1314 751 1317 η

108 1345 249 1395 Tractandis
265 1362 366 1413 operam
381 1345 471 1395 fidibus
488 1347 597 1395 Socrates
613 1346 655 1395 dat
670 1346 788 1412 opimam,

157 1418 226 1466 Esset
242 1418 268 1466 in
283 1428 392 1467 extremo
408 1434 466 1466 cum
480 1418 576 1483 positus
592 1418 678 1477 senio;

108 1488 147 1538 Ne
162 1488 202 1538 vel
217 1504 291 1556 parva
308 1488 354 1537 sibi
370 1500 439 1538 cavet
453 1489 494 1538 ille
511 1490 609 1539 scientia
625 1489 704 1538 desit:

157 1560 266 1626 Tangere
281 1577 338 1609 nam
354 1560 415 1626 quid
430 1571 481 1609 erat
495 1561 586 1628 pollice
602 1561 663 1609 scire
677 1560 738 1610 fides
754 1561 766 1609 ?

108 1631 236 1681 Ysocrates
251 1631 342 1681 librum
357 1632 535 1697 nonagenarius
552 1631 609 1691 edit,

155 1702 271 1752 Ardentis
286 1703 387 1770 plenum
402 1702 496 1752 viribus
512 1703 612 1769 ingenii,

109 1774 247 1823 Ostendens
262 1775 357 1824 animos
373 1786 486 1824 veterum
500 1776 603 1824 retinere
618 1775 732 1830 iuventae

156 1845 260 1905 Florem,
277 1847 297 1894 si
312 1847 412 1896 iuvenes
428 1846 463 1894 hii
478 1846 569 1895 fuerint
585 1847 685 1896 dociles.

109 1917 233 1985 Crisippus
249 1917 350 1983 logicon
366 1918 469 1984 scripsit,
486 1917 574 1967 subtile
589 1918 715 1977 volumen,

157 1987 255 2038 Nobilis
270 1989 364 2054 ingenii
380 1989 438 2038 dans
454 1990 604 2038 monimenta
621 1990 667 2049 sui,

109 2060 221 2108 Octonos
238 2059 317 2109 decies
334 2060 377 2127 qui
392 2061 442 2109 iam
456 2072 604 2127 transegerat
619 2077 714 2111 annos:

156 2131 235 2180 Annis
250 2132 293 2180 vix
308 2131 413 2181 totidem
428 2131 528 2181 suffitias
543 2133 632 2198 legere.

109 2202 172 2251 Tota
186 2203 319 2270 praeceptis
337 2203 443 2271 Crisippi
458 2215 539 2252 mente
555 2204 665 2253 Cleantcs

157 2274 264 2323 Auditor
280 2291 331 2323 sese
347 2274 435 2323 subicit
450 2275 569 2334 assiduis;

109 2345 231 2411 Tempore
246 2357 369 2394 nocturno
385 2362 474 2412 corpus
492 2345 620 2396 subdendo
635 2345 715 2395 labori

157 2417 271 2482 Pervigil,
287 2428 382 2466 exercet
396 2429 521 2482 comparet
536 2417 602 2466 unde
616 2417 694 2475 cibos.
714 2473 715 2477 Ἰ

110 2488 187 2536 Omni
202 2504 262 2537 vero
280 2488 405 2554 Sophosus
421 2488 521 2538 ardebat
536 2489 629 2538 discere
644 2490 670 2537 in
685 2489 754 2549 hora,

158 2560 190 2607 Et
206 2575 278 2627 super
293 2559 341 2608 hoc
356 2560 450 2625 aliquid
465 2560 553 2609 addere
570 2560 639 2626 quod
655 2561 748 2620 scierat,
821 2584 856 2616 140

73 2687 102 2721 125
116 2677 182 2720 (par)va
193 2679 209 2712 in
220 2689 253 2712 ras.
315 2689 346 2720 1²7
357 2677 494 2721 nonagenarius:
507 2689 519 2712 n
530 2685 608 2723 suprascr.
621 2678 644 2713 al.
659 2690 699 2714 aran.
749 2690 781 2724 139
792 2692 821 2715 so-

37 2725 102 2769 phosus
112 2724 183 2759 ardebat
195 2724 260 2759 discere
271 2724 290 2758 in
301 2724 344 2759 hora
355 2727 372 2759 in
383 2737 415 2760 ras⁴
