2068 3216
360 224 394 256 DE
409 222 617 257 Mnuoaaarmaus
633 209 651 256 Ι.
670 224 685 268 4

167 352 263 401 Prusiae
279 363 345 411 nato,
362 351 435 400 simili
452 351 482 400 de
498 352 598 401 nomine
614 348 689 411 dicto,

217 423 267 487 Qui
283 439 325 471 rex
340 422 459 471 Bithiniae
474 422 580 490 praefuit
595 423 621 471 in
636 424 740 491 populo,
804 421 805 440 ³

167 496 203 544 Os
221 495 313 562 superis
330 495 437 543 solidum
452 510 498 560 pro
514 494 628 544 dentibus
645 495 724 545 extitit
740 508 826 555 unum,

217 566 264 616 Sed
279 583 331 615 non
347 566 479 625 infirmum,
496 583 548 614 non
563 565 762 617 inhonorificum.

166 639 242 688 Natae
259 637 368 704 belligeri
383 638 540 704 Driapetinae
556 637 696 697 Mitridatis,
757 635 760 638 ’

215 710 303 775 Turpis
321 709 362 758 sed
379 708 469 775 duplex
485 709 563 759 dentis
580 721 630 759 erat
647 711 726 759 series.
791 703 792 707 ¹
816 707 817 712 ’

166 781 284 830 Cernebat
300 780 400 848 quidam
416 779 561 847 Carthagine
577 781 607 830 de
623 782 719 831 Lilibeo

214 854 328 919 Egressus
345 870 418 901 naves
435 864 459 901 et
474 869 606 902 numerum
621 854 732 919 scopulo

165 925 215 973 Rus
230 940 308 991 prope
324 924 460 974 Ianiculum
475 925 529 984 tibi,
546 924 624 984 Petili,
640 925 688 973 fuit
704 921 829 992 amplum:

214 998 333 1045 Exercens
349 1013 415 1045 unco
431 996 530 1046 sedulus
547 995 595 1048 hoc
610 993 698 1055 aratro,

164 1067 278 1117 Vomeris
294 1068 408 1119 archellas
424 1068 546 1133 praeduro
562 1068 634 1117 dente
650 1068 750 1128 revelas,

213 1140 267 1188 Una
283 1140 379 1189 Numae
395 1139 518 1199 membris,
535 1135 609 1189 altera
624 1140 696 1206 plena
711 1139 797 1198 libris;

164 1210 198 1259 At
215 1222 308 1277 septem
324 1212 402 1260 Grece
418 1211 510 1279 scripti,
527 1224 669 1279 septemque
685 1212 778 1270 Latine,

212 1284 295 1331 Mores
311 1282 424 1349 pontifici
439 1283 540 1351 iuraque
556 1283 614 1333 dant
630 1283 705 1342 Lacii,

164 1353 238 1402 Greci
253 1353 373 1420 perfectae
390 1366 502 1403 constant
518 1354 548 1404 de
564 1356 616 1404 iure
633 1354 740 1422 sophiae,

213 1425 312 1493 Quique
328 1438 417 1475 canunt
433 1427 526 1492 spurcis
542 1426 617 1476 obvia
632 1426 707 1476 verba
724 1426 804 1486 sacris,

164 1496 234 1559 Quos
250 1497 318 1546 velut
333 1497 433 1548 hostiles
449 1497 593 1565 disperdunt
608 1499 665 1564 igne
681 1510 822 1558 cremantes,

211 1568 357 1618 Dannabant
372 1586 423 1619 aras
439 1569 475 1619 hii
491 1570 534 1637 qui
550 1569 697 1621 demonicas

163 1640 254 1689 Miseni
270 1657 313 1689 cor
327 1641 491 1690 Aristomenis
508 1653 645 1690 scrutantur
660 1641 772 1701 Athenis,

212 1711 319 1762 Extincti
334 1713 435 1761 nimiam
450 1713 556 1779 pectoris
572 1713 606 1763 ob
622 1712 741 1764 vafriam:

163 1784 308 1833 Multotiens
324 1796 407 1851 captus
424 1784 467 1833 sed
483 1784 612 1834 calliditate
628 1785 735 1851 relapsus

212 1855 284 1905 Haud
300 1857 386 1922 stringi
401 1856 488 1905 vinclis
505 1873 535 1905 ne
550 1856 647 1923 fugeret
661 1857 756 1916 valuit3

164 1928 231 1992 Ergo
248 1943 291 1976 cor
306 1939 417 1977 exectum
433 1927 587 1994 deprendunt
603 1945 654 1977 esse
669 1928 787 1995 pilosum,

211 1999 308 2048 Lubrica
328 2011 426 2048 naturae
441 2000 494 2048 iure
510 2011 609 2065 stupent
624 2001 712 2049 variae.

162 2069 245 2119 Febris
261 2071 287 2119 in
302 2071 433 2137 Antipatro
451 2071 525 2120 semel
541 2082 591 2120 atra
606 2070 702 2120 furebat
718 2071 744 2120 in
760 2087 825 2120 anno

210 2141 237 2191 in
251 2142 329 2191 natale
345 2159 398 2202 su0‚
416 2158 466 2208 quo
482 2142 546 2207 perit
560 2143 602 2192 ille
618 2142 666 2192 die.

162 2212 202 2262 Ille
218 2213 359 2262 Polistratus
376 2214 467 2281 sophus
483 2214 672 2282 Ippoclidesque
686 2213 799 2263 feruntur

210 2285 262 2334 Bana
275 2286 399 2351 progeniti
415 2296 496 2335 mente
511 2285 586 2334 fuisse
601 2286 670 2351 pari;

161 2356 253 2406 Foedere
269 2358 394 2405 coniuncti
409 2357 496 2423 pulcro
513 2373 614 2406 senuere
630 2357 675 2406 sub
692 2374 761 2416 aevo,

211 2428 281 2491 Quos
298 2427 428 2477 haeaedem
443 2445 546 2495 magnos
563 2428 674 2477 erudiere
691 2428 803 2486 scholae;

127 2642 157 2677 168
170 2667 205 2677 ......
218 2643 234 2686 (a
245 2642 322 2686 naturae)
333 2642 459 2687 leginonpotest.
509 2655 540 2686 170
588 2643 658 2687 (natale)
665 2644 696 2688 legi
701 2656 730 2679 nan
733 2650 792 2689 potest.

92 2689 262 2735 171....(polistratus)
271 2689 301 2733 legi
307 2701 336 2724 non
342 2696 400 2735 potest.
426 2702 457 2734 172
506 2692 607 2736 (progeniti)
617 2691 647 2735 lagi
654 2703 683 2726 non
689 2699 748 2736 potest.
787 2705 817 2737 173
831 2719 872 2728 .......

88 2738 193 2782 (coniuncti)
203 2737 233 2781 legi
241 2748 271 2772 non
277 2744 336 2782 potest.
