2068 3216
472 240 590 274 amsruan
615 226 651 273 Vl

239 371 363 419 Presentat
378 368 462 435 fruges
479 370 572 418 calceus
589 369 761 427 omnimodas;

191 442 290 507 Semper
306 440 400 489 amiciri
416 441 554 490 referuntur
570 455 673 492 scemate
689 441 739 500 tali,

238 514 323 562 Primo
339 512 430 561 detrito
447 529 525 561 scema
541 514 642 561 recurrit
658 515 731 564 idem.

190 585 214 633 Si
230 585 310 643 calles,
327 583 419 650 poteris
436 585 479 649 qui
495 585 543 632 sint
559 601 708 650 cognoscere
725 585 808 650 signis,

237 656 346 705 Dotibus
363 656 470 721 insignes
487 656 637 722 militiaeque
652 658 742 706 duces:

191 728 319 795 Zelotipus
335 743 452 793 panemos
469 739 576 775 avertere
592 745 644 777 non
659 730 724 778 valet
739 728 799 777 istos

236 800 261 849 A
276 800 361 848 Florae
376 798 455 847 facilis
471 799 566 847 lenibus
583 799 715 866 obsequiis.

189 872 221 919 Et
238 872 296 939 quia
312 871 459 937 praeclaram
474 871 505 919 sit
521 871 621 920 sortitus
638 873 783 938 genituram,

237 945 401 1010 Nequaquam
417 943 486 991 denis
502 941 616 992 fratribus
632 943 742 1002 inferior,

189 1015 354 1080 Conqueritur
370 1014 456 1063 Florae
473 1014 529 1079 quia
545 1031 597 1062 non
612 1016 721 1080 potiatur
736 1031 827 1074 amore,

237 1087 296 1135 Eius
315 1085 421 1134 iocunda
436 1102 481 1134 nec
496 1084 586 1134 fruitur
602 1088 686 1152 spetie.

187 1156 256 1206 Felix
271 1158 314 1223 qui
330 1158 415 1206 Florae
431 1157 483 1223 iugi
499 1158 607 1222 potiatur
622 1174 712 1217 amore,

236 1230 312 1278 Cuius
330 1230 364 1277 sic
379 1228 452 1278 facies
468 1229 511 1277 nix
526 1229 603 1278 veluti
619 1231 714 1288 renitet,

188 1302 242 1349 Nec
258 1301 350 1349 candor
366 1312 446 1349 tantus
463 1300 622 1367 perpenditur
638 1319 690 1350 esse
705 1300 831 1360 molestus,

236 1372 311 1421 Cocci
327 1373 451 1421 vernantis
468 1389 525 1421 cum
540 1372 616 1420 rubor
632 1373 690 1421 insit
705 1373 744 1431 ei;

187 1444 221 1491 At
237 1460 289 1492 non
304 1456 372 1509 parte
388 1444 456 1509 viget
472 1444 542 1492 color
558 1443 624 1492 idem
639 1444 749 1509 corporis
766 1445 834 1492 omni

236 1515 322 1564 Gratia
337 1532 383 1563 nec
398 1515 515 1564 membris
532 1514 646 1564 omnibus
663 1528 699 1564 est
715 1515 815 1565 eadem:
914 1538 936 1569 50

188 1587 310 1652 Congruit
327 1603 386 1652 ergo
404 1604 449 1635 suo
466 1588 527 1635 mire
543 1588 631 1653 speties
648 1604 691 1635 sua
706 1586 826 1646 membro,

236 1659 280 1709 Nil
296 1659 322 1706 in
338 1676 365 1707 ea
380 1657 466 1707 fedum
481 1659 517 1707 nil
533 1658 615 1707 videas
632 1659 763 1716 mutilum;

188 1729 257 1779 Illius
273 1731 330 1796 igne
345 1731 410 1796 petis
426 1730 558 1796 prudenter
574 1731 617 1795 qui
633 1731 695 1795 sapis
712 1730 801 1789 omnis,

231 1802 274 1851 Me
290 1818 391 1869 quoque
407 1803 442 1850 nil
458 1803 535 1850 miror
551 1802 572 1850 si
588 1803 651 1867 capit
667 1802 718 1850 eius
735 1817 812 1850 amor.

187 1873 222 1921 At
238 1884 280 1922 tua
295 1873 347 1921 fors
365 1873 436 1922 sodes
453 1890 505 1921 non
521 1886 558 1921 est
574 1890 634 1933 mea,
652 1874 764 1938 Sincope‚
781 1873 860 1931 Flora,
916 1895 935 1926 55

236 1946 303 1994 Nam
316 1957 358 1993 tua
371 1945 456 2009 pulcra
470 1944 572 2010 quidem
585 1945 627 1994 sed
641 1962 694 1993 mea
707 1945 791 2011 pulcra
805 1945 882 2010 magis
893 1964 899 2003 ;

188 2016 276 2065 Totius
293 2016 338 2065 hec
354 2016 428 2075 orbis,
445 2029 486 2065 tua
502 2017 563 2064 civis
580 2017 656 2065 solius
672 2016 747 2074 urbis,

237 2088 281 2135 Est
297 2100 339 2136 tua
354 2100 413 2136 nota
429 2088 483 2147 tibi,
501 2088 543 2136 sed
559 2105 612 2136 mea
627 2100 686 2136 nota
702 2087 775 2145 lovi3

187 2160 239 2207 Iam
254 2171 295 2207 tua
311 2171 387 2224 nupta
403 2160 460 2208 viro
478 2160 520 2208 sed
536 2159 615 2208 adhuc
631 2171 726 2208 constat
741 2176 795 2207 mea
810 2160 892 2224 virgo,

235 2230 347 2279 inberbis
364 2230 441 2279 Phebi
457 2248 531 2296 quam
546 2230 619 2279 trahit
635 2248 698 2279 unus
714 2246 791 2280 amor.
913 2242 936 2275 60

187 2301 236 2349 Dic
252 2302 335 2361 michi,
352 2303 386 2350 sic
402 2304 490 2362 valeas,
507 2302 553 2350 tibi
568 2303 658 2351 credita
675 2303 708 2350 sic
725 2302 756 2350 sit
771 2302 855 2361 amica,

237 2373 276 2421 Sic
291 2373 375 2439 plagas
392 2375 499 2423 tumidae
516 2373 631 2439 suffugias
648 2374 770 2431 dominae,

189 2444 228 2492 Sic
243 2445 289 2494 tibi
305 2444 386 2493 credat
402 2445 475 2494 herus
491 2463 536 2494 nec
552 2445 607 2494 edat
623 2445 669 2494 sibi
685 2446 777 2493 viscera
793 2445 868 2504 zelus,

237 2516 276 2565 Sic
292 2533 427 2581 numquam
442 2517 500 2566 fidei
516 2517 618 2582 deroget
634 2518 675 2565 ille
691 2529 753 2575 tuae,

189 2587 258 2649 Quid
274 2600 315 2636 tua
331 2589 463 2647 commisit,
479 2589 583 2637 verearis
599 2605 629 2637 ne
645 2587 763 2654 profiteri,
915 2600 935 2642 65

113 2752 122 2786 l
150 2716 171 2748 50
181 2713 337 2749 nemestqurascr.
387 2717 405 2749 53
425 2705 591 2750 igneznstprascr.
641 2709 660 2749 58
673 2712 804 2749 notasnprascr.
829 2706 851 2739 60
868 2712 901 2740 toto

120 2764 153 2787 mea
160 2764 176 2786 m
183 2764 215 2787 ras.
