2068 3216
867 134 896 165 21

286 204 321 238 us
336 204 545 239 MEMORABILIBUS
562 189 630 238 VIII.
650 205 675 250 15
694 217 705 224 -
721 189 787 238 VIII.
808 188 836 238 16
904 135 914 180 3

203 332 271 381 Illius
287 331 405 381 artificem
419 343 470 381 tam
485 332 626 381 disseruisse
642 311 772 380 Philonem

252 403 365 453 Facunde
380 404 476 471 populo
492 403 596 453 traditur
610 404 637 452 in
652 402 757 463 theatro,

204 476 257 523 Hac
273 474 303 524 de
320 486 438 524 structura
454 476 529 524 cursit
544 476 579 524 sic
595 474 711 534 edificata,

253 547 287 596 Ut
303 546 399 596 dubites
416 547 447 595 sit
463 562 525 614 opus
542 547 619 596 maius
636 564 667 595 an
683 546 819 612 eloquium.

395 660 397 664 ’
437 687 481 731 uu
498 687 682 732 suuucruru

542 786 570 834 16

205 896 310 943 Centum
326 894 448 943 Corvinus
464 893 542 942 vitam
557 893 702 942 determinat
717 895 795 954 annis,

253 966 370 1032 Corporis
387 976 411 1015 et
426 976 528 1031 vegetus
544 964 639 1013 viribus
656 982 683 1013 ac
699 965 790 1015 animo.

206 1036 282 1100 Quod
298 1038 405 1104 spatium
419 1036 489 1103 longi
504 1036 613 1085 vivendo
630 1035 730 1085 conficis
747 1037 810 1096 aevi,

252 1109 331 1158 Nullo
346 1107 500 1175 pontificum,
518 1108 610 1171 Quinte
626 1107 734 1167 Metelle,
750 1110 840 1168 minor,

205 1180 282 1243 Quod
297 1181 361 1246 geris
377 1179 484 1229 offitium
498 1179 589 1245 viginti
604 1179 700 1228 circiter
714 1196 801 1240 armoe,

254 1250 363 1301 Multum
378 1268 484 1318 namque
500 1267 573 1300 senex
587 1250 649 1299 illud
665 1250 767 1316 adeptus
784 1267 844 1311 eras,

205 1324 258 1372 Nec
274 1325 347 1372 micat
362 1324 414 1390 ipsa
430 1339 524 1381 manus,
541 1322 636 1371 dubitat
651 1338 697 1371 nec
711 1323 796 1388 lingua
813 1323 903 1382 senilis,

254 1393 362 1444 Menbra
373 1394 415 1443 sed
430 1394 520 1459 integri
535 1394 606 1461 plena
621 1394 716 1459 vigoris
733 1406 809 1443 erant.

205 1466 349 1516 Pontificem
365 1467 428 1515 senis
445 1465 566 1525 deciesse
581 1465 693 1531 praebuit
708 1466 777 1515 annis

254 1539 309 1587 Evo
325 1549 433 1586 maturus
450 1537 584 1603 auguribus
600 1537 696 1585 Fabius

205 1609 239 1657 At
255 1610 341 1676 sepelit
356 1620 438 1658 totum
453 1609 528 1658 vivax
543 1610 667 1675 Perpenna
683 1618 802 1668 senatum,

254 1681 300 1729 Cui
316 1681 402 1729 consul
417 1680 513 1730 iuvenIs
528 1679 634 1747 praefuit
649 1679 761 1746 imperio.
789 1724 792 1728 .

205 1752 302 1820 Appius
319 1768 441 1801 annorum
456 1767 560 1800 numero
577 1762 732 1818 superaverat
747 1751 817 1811 istos,

255 1824 362 1873 Orbatus
379 1824 483 1889 geminis
499 1838 589 1891 parvus
606 1822 686 1886 adhuc
702 1823 789 1872 oculis.

206 1897 258 1944 Rex
273 1894 352 1944 decies
369 1895 431 1944 senis
448 1895 576 1944 MasInissa
593 1911 650 1942 suos
666 1894 730 1959 regit
745 1895 823 1954 annis,

253 1966 325 2016 Aevo
342 1964 486 2033 decrepitus,
503 1965 626 2015 instabiles
642 1965 781 2035 NumIdas:

207 2039 314 2087 Cunctos
330 2037 434 2086 roborea
449 2038 591 2105 praecelluit
605 2037 650 2085 iste
667 2047 770 2096 senecta,

253 2110 314 2159 Non
329 2110 445 2175 cuiquam
459 2109 578 2158 iuvenum
592 2108 687 2157 viribus
703 2107 813 2169 inferior,

206 2182 263 2229 Uno
280 2181 324 2246 qui
340 2192 441 2229 cunctos
457 2180 520 2248 pede
536 2191 601 2229 stans
616 2179 745 2245 frangebat
760 2179 878 2248 ephebos,

254 2252 314 2301 Non
330 2263 402 2319 caput
418 2251 458 2301 hic
473 2252 533 2301 texit
549 2251 652 2300 obrutus
668 2250 754 2310 imbre,
772 2252 846 2317 gelu;

207 2324 281 2390 Saepe
297 2323 363 2372 diem
377 2334 457 2372 totam
472 2323 536 2379 solio
552 2322 682 2372 residendo
698 2324 802 2390 peregit,

254 2396 284 2443 In
298 2395 366 2443 nulla
381 2406 452 2443 moto
468 2409 573 2461 corpore
588 2405 656 2461 parte
671 2410 789 2454 manens3
808 2449 810 2452 f

206 2466 277 2515 Ferre
293 2483 366 2515 senex
380 2466 471 2533 potuit,
487 2466 583 2515 iuvenis
600 2482 662 2531 quae
677 2465 740 2514 ferre
756 2466 858 2525 solebat,

255 2537 346 2587 Crebro
363 2537 429 2586 diem
444 2538 513 2586 nocti
528 2538 621 2585 iuncxit
637 2553 702 2602 equo
719 2537 844 2596 residens3

207 2609 319 2658 Oetonos
336 2609 415 2658 decies
432 2626 474 2657 sex
489 2620 513 2657 et
529 2609 694 2674 compleverat
710 2624 796 2668 annos,

172 2715 197 2757 16,
210 2727 220 2748 2
232 2715 305 2758 (anim)0
316 2718 332 2749 in
344 2726 376 2750 ras.
