2068 3216
873 178 886 209 2

367 248 401 280 na
422 245 631 280 atauouaatataus
647 231 692 279 IX.
712 247 736 278 11
891 178 923 223 Π

295 372 339 415 DE
355 371 462 415 FACTIS
481 371 522 415 AC
532 370 638 442 ¹DICTIS
655 370 840 416 SCELERATIS

551 499 576 530 11

213 589 294 639 Tullia
310 600 425 656 carpento
441 588 557 654 pergebat
573 589 668 637 tramite
684 601 764 656 cepto,

261 660 400 710 Devehitur
415 675 503 728 corpus
520 659 550 708 ad
566 660 640 726 patris
657 661 783 720 exanime;

214 734 307 781 Herens
324 732 429 781 sucussis
445 732 529 797 auriga
545 743 654 780 moratur
669 731 777 792 habenis,

262 805 344 867 Quem
360 801 448 852 mulier
464 803 556 868 quaerit
572 819 615 852 cur
630 804 665 852 ibi
680 805 801 864 restiterit,

214 876 245 923 Et
262 891 334 942 super
350 876 485 924 exanimem
500 876 607 923 iumenta
623 875 691 924 iubet
706 876 843 941 genitorem
949 898 955 930 5

262 948 341 996 Cursu
356 945 487 1007 transduci,
503 947 539 995 nil
555 947 678 1006 miserans,
695 947 767 996 celeri
776 966 783 1006 ;

213 1018 294 1067 Currit
310 1019 336 1066 in
351 1018 475 1085 amplexus
492 1017 538 1067 sibi
554 1017 636 1080 dilecti
652 1019 714 1068 male
730 1018 832 1069 blandos

260 1089 425 1139 Interfectoris
441 1091 537 1138 concita
553 1089 687 1156 Tarquinii.

213 1161 319 1210 Fimbria
334 1161 442 1210 consiliis
458 1177 564 1227 nequam
578 1162 680 1211 molitur
694 1162 792 1227 iniquis,

261 1234 355 1282 Funere
371 1233 483 1301 depereat
500 1234 600 1283 Scevola
617 1250 667 1299 quo
684 1232 773 1293 Marii;
845 1279 846 1282 ,
937 1256 958 1278 10

213 1305 319 1353 Percutit
335 1305 461 1353 incautum
476 1305 609 1354 submissus
625 1305 656 1354 ab
672 1303 743 1354 hoste
759 1305 864 1366 satelles.

263 1376 310 1425 Sed
324 1378 433 1444 penetral
448 1372 513 1426 vitae
529 1393 614 1436 mucro
631 1376 697 1426 subit
712 1377 829 1437 minime;

213 1448 346 1515 Postquam
361 1448 425 1497 vidit
441 1465 498 1497 eum
513 1448 543 1497 de
559 1448 660 1497 vulnere
676 1449 836 1508 convaluisse,

261 1520 441 1568 Accusaturum
456 1520 562 1586 spondet
576 1520 642 1587 apud
657 1520 780 1587 populum

214 1590 401 1657 Quaesitusque,
417 1592 472 1640 viro
489 1591 549 1657 quid
565 1592 596 1639 sit
611 1591 720 1640 dicturus
736 1592 849 1651 honesto,
937 1613 957 1646 ις

261 1661 369 1711 Maxima
384 1663 427 1712 vix
443 1680 493 1729 quo
509 1663 560 1711 laus
577 1663 651 1729 digna
667 1663 723 1711 satis
739 1662 820 1722 fuerit,

214 1734 270 1781 Hoc
286 1751 311 1783 se
327 1734 451 1783 dicturum
467 1734 534 1794 dicit,
551 1735 619 1800 quod
635 1749 738 1802 corpore
753 1735 830 1783 telum

261 1806 357 1854 Parcius
374 1806 467 1874 excepit
483 1817 506 1854 et
522 1807 579 1872 quia
594 1806 727 1855 convaluit.

214 1875 336 1943 Obiurgat
351 1893 434 1926 coram
449 1877 558 1943 patribus
575 1878 660 1927 Cicero
678 1878 806 1927 Catilinam

261 1948 409 1998 Accendisse
424 1965 515 2015 rogum
529 1949 607 2016 plebis
623 1950 649 1997 in
665 1950 782 2007 exitium;
936 1972 959 1994 ιο

213 2019 256 2068 llle
272 2020 353 2079 refert,
372 2037 385 2068 <r
395 2021 474 2070 sensi:
490 2035 594 2088 propere
610 2021 719 2087 restingo
734 2021 812 2079 ruina,

261 2091 375 2157 Namque
391 2092 477 2158 nequit
492 2092 600 2158 limpha:
617 2094 696 2141 Roma
712 2092 758 2141 sibi
774 2103 888 2141 caveat».

171 2187 173 2190 v
213 2161 333 2212 Turanius
349 2163 424 2228 patris
439 2164 570 2230 proscripti
585 2165 635 2212 iam
650 2164 751 2213 senioris

261 2235 361 2283 Detexit
376 2234 485 2294 latebras,
502 2235 592 2284 indicat
607 2235 673 2284 unde
689 2246 759 2283 notas

213 2306 272 2354 Eius
289 2317 313 2354 et
329 2317 439 2365 aetatem,
455 2307 510 2372 quis
526 2308 644 2372 cognosci
660 2307 710 2355 cito
725 2318 809 2372 posset
936 2329 955 2361 25

262 2378 314 2440 Qui
330 2394 355 2426 se
371 2377 534 2443 quaerebant;
551 2379 644 2444 quaerit
660 2377 690 2426 ab
706 2378 744 2426 his
761 2378 849 2436 senior,

214 2466 229 2497 «
237 2450 315 2498 Natus
323 2466 354 2497 an
360 2449 489 2498 incolomis
497 2466 565 2498 meus
573 2461 609 2498 est
616 2450 750 2498 ducibusne
756 2449 873 2516 probatus
890 2449 922 2497 ?»

262 2522 332 2570 Unus
348 2520 487 2587 respondet,
504 2520 610 2587 «diligis
626 2522 782 2569 inmeritum:

212 2592 280 2641 Illius
296 2592 385 2641 inditio
401 2593 511 2651 moreris,
527 2593 566 2641 vir
582 2593 691 2651 honeste,
708 2593 841 2651 scelesto»,

176 2711 392 2757 3lhabenis2hs1prarcr,
465 2722 485 2744 ιο
496 2710 565 2746 scevola
573 2710 742 2756 quomariialiman,
815 2722 835 2744 22
848 2722 923 2755 namque

140 2759 201 2804 nequit
212 2758 233 2793 al,
245 2769 286 2793 aaran.
