<?xml version="1.0" encoding="UTF-8"?>
<!DOCTYPE html PUBLIC "-//W3C//DTD XHTML 1.0 Transitional//EN"
    "http://www.w3.org/TR/xhtml1/DTD/xhtml1-transitional.dtd">
<html xmlns="http://www.w3.org/1999/xhtml" xml:lang="en" lang="en">
 <head>
  <title>
</title>
<meta http-equiv="Content-Type" content="text/html;charset=utf-8" />
  <meta name='ocr-system' content='tesseract 3.04.00' />
  <meta name='ocr-capabilities' content='ocr_page ocr_carea ocr_par ocr_line ocrx_word'/>
</head>
<body>
  <div class='ocr_page' id='page_1' title='image "MN40034ucmf_3_0298.png"; bbox 0 0 2068 3216; ppageno 0'>
   <div class='ocr_carea' id='block_1_1' title="bbox 350 211 703 260">
    <p class='ocr_par' dir='ltr' id='par_1_1' title="bbox 350 211 703 260">
     <span class='ocr_line' id='line_1_1' title="bbox 350 211 703 260; baseline -0.003 0"><span class='ocrx_word' id='word_1_1' title='bbox 350 226 385 260; x_wconf 82' lang='lat' dir='ltr'><strong>DE</strong></span> <span class='ocrx_word' id='word_1_2' title='bbox 400 224 608 259; x_wconf 75' lang='lat' dir='ltr'><strong>Muuonnuumus</strong></span> <span class='ocrx_word' id='word_1_3' title='bbox 626 211 672 259; x_wconf 92' lang='lat' dir='ltr'><strong>IX.</strong></span> <span class='ocrx_word' id='word_1_4' title='bbox 693 227 703 259; x_wconf 94' lang='lat'>1</span> 
     </span>
    </p>
   </div>
   <div class='ocr_carea' id='block_1_2' title="bbox 173 352 927 2638">
    <p class='ocr_par' dir='ltr' id='par_1_2' title="bbox 177 352 799 492">
     <span class='ocr_line' id='line_1_2' title="bbox 177 352 799 420; baseline -0.003 -17"><span class='ocrx_word' id='word_1_5' title='bbox 177 354 249 403; x_wconf 88' lang='lat' dir='ltr'><strong>Tanti</strong></span> <span class='ocrx_word' id='word_1_6' title='bbox 265 353 426 413; x_wconf 82' lang='lat' dir='ltr'>concubitum</span> <span class='ocrx_word' id='word_1_7' title='bbox 441 364 527 420; x_wconf 89' lang='lat' dir='ltr'><strong>pensat</strong></span> <span class='ocrx_word' id='word_1_8' title='bbox 543 352 656 412; x_wconf 90' lang='lat' dir='ltr'><strong>crudelis,</strong></span> <span class='ocrx_word' id='word_1_9' title='bbox 673 365 701 402; x_wconf 91' lang='lat' dir='ltr'><strong>ut</strong></span> <span class='ocrx_word' id='word_1_10' title='bbox 716 353 799 420; x_wconf 88' lang='lat' dir='ltr'><strong>ipsum</strong></span> 
     </span>
     <span class='ocr_line' id='line_1_3' title="bbox 226 424 784 492; baseline 0 -18"><span class='ocrx_word' id='word_1_11' title='bbox 226 426 308 490; x_wconf 90' lang='lat' dir='ltr'><strong>Quem</strong></span> <span class='ocrx_word' id='word_1_12' title='bbox 323 425 409 491; x_wconf 89' lang='lat' dir='ltr'><strong>genuit</strong></span> <span class='ocrx_word' id='word_1_13' title='bbox 420 424 507 483; x_wconf 48' lang='lat' dir='ltr'><strong>,solum</strong></span> <span class='ocrx_word' id='word_1_14' title='bbox 522 424 656 490; x_wconf 77' lang='lat' dir='ltr'><strong>perdiderit</strong></span> <span class='ocrx_word' id='word_1_15' title='bbox 671 439 784 492; x_wconf 89' lang='lat' dir='ltr'><strong>puerum.</strong></span> 
     </span>
    </p>

    <p class='ocr_par' dir='ltr' id='par_1_3' title="bbox 175 496 769 635">
     <span class='ocr_line' id='line_1_4' title="bbox 175 496 769 563; baseline -0.002 -17"><span class='ocrx_word' id='word_1_16' title='bbox 175 496 259 546; x_wconf 90' lang='lat' dir='ltr'><strong>Armis</strong></span> <span class='ocrx_word' id='word_1_17' title='bbox 275 496 425 546; x_wconf 79' lang='lat' dir='ltr'><strong>Annibalem</strong></span> <span class='ocrx_word' id='word_1_18' title='bbox 441 508 585 563; x_wconf 80' lang='lat' dir='ltr'><strong>superarunt</strong></span> <span class='ocrx_word' id='word_1_19' title='bbox 600 496 769 562; x_wconf 89' lang='lat' dir='ltr'><strong>insuperatum</strong></span> 
     </span>
     <span class='ocr_line' id='line_1_5' title="bbox 223 567 698 635; baseline -0.002 -17"><span class='ocrx_word' id='word_1_20' title='bbox 223 567 329 618; x_wconf 88' lang='lat' dir='ltr'><strong>Delitiae</strong></span> <span class='ocrx_word' id='word_1_21' title='bbox 345 568 432 617; x_wconf 90' lang='lat' dir='ltr'><strong>molles</strong></span> <span class='ocrx_word' id='word_1_22' title='bbox 448 567 567 617; x_wconf 88' lang='lat' dir='ltr'><strong>instabilis</strong></span> <span class='ocrx_word' id='word_1_23' title='bbox 577 569 698 635; x_wconf 67' lang='lat' dir='ltr'><strong>,Capuae;</strong></span> 
     </span>
    </p>

    <p class='ocr_par' dir='ltr' id='par_1_4' title="bbox 176 639 816 778">
     <span class='ocr_line' id='line_1_6' title="bbox 176 639 748 707; baseline 0 -19"><span class='ocrx_word' id='word_1_24' title='bbox 176 640 249 689; x_wconf 91' lang='lat' dir='ltr'><strong>Hunc</strong></span> <span class='ocrx_word' id='word_1_25' title='bbox 265 652 433 707; x_wconf 84' lang='lat' dir='ltr'><strong>ungentorum</strong></span> <span class='ocrx_word' id='word_1_26' title='bbox 449 639 582 706; x_wconf 84' lang='lat' dir='ltr'><strong>flagrantia,</strong></span> <span class='ocrx_word' id='word_1_27' title='bbox 599 639 670 707; x_wconf 88' lang='lat' dir='ltr'><strong>copia</strong></span> <span class='ocrx_word' id='word_1_28' title='bbox 686 639 748 700; x_wconf 91' lang='lat' dir='ltr'><strong>vini,</strong></span> 
     </span>
     <span class='ocr_line' id='line_1_7' title="bbox 224 711 816 778; baseline -0.002 -18"><span class='ocrx_word' id='word_1_29' title='bbox 224 713 307 761; x_wconf 91' lang='lat' dir='ltr'><strong>Luxus</strong></span> <span class='ocrx_word' id='word_1_30' title='bbox 323 723 348 760; x_wconf 92' lang='lat' dir='ltr'><strong>et</strong></span> <span class='ocrx_word' id='word_1_31' title='bbox 362 711 497 771; x_wconf 79' lang='lat' dir='ltr'><strong>illecebrae,</strong></span> <span class='ocrx_word' id='word_1_32' title='bbox 514 713 602 771; x_wconf 87' lang='lat' dir='ltr'><strong>Roma,</strong></span> <span class='ocrx_word' id='word_1_33' title='bbox 618 711 664 761; x_wconf 90' lang='lat' dir='ltr'><strong>tibi</strong></span> <span class='ocrx_word' id='word_1_34' title='bbox 681 711 800 778; x_wconf 87' lang='lat' dir='ltr'><strong>subigunt</strong></span> <span class='ocrx_word' id='word_1_35' title='bbox 809 730 816 771; x_wconf 92' lang='lat'>;</span> 
     </span>
    </p>

    <p class='ocr_par' dir='ltr' id='par_1_5' title="bbox 175 782 830 921">
     <span class='ocr_line' id='line_1_8' title="bbox 175 782 778 844; baseline 0 -13"><span class='ocrx_word' id='word_1_36' title='bbox 175 783 306 833; x_wconf 80' lang='lat' dir='ltr'><strong>Blanditiis</strong></span> <span class='ocrx_word' id='word_1_37' title='bbox 322 782 461 844; x_wconf 86' lang='lat' dir='ltr'><strong>confractus</strong></span> <span class='ocrx_word' id='word_1_38' title='bbox 478 784 512 832; x_wconf 90' lang='lat' dir='ltr'><strong>eis</strong></span> <span class='ocrx_word' id='word_1_39' title='bbox 529 783 668 832; x_wconf 87' lang='lat' dir='ltr'><strong>devincitur</strong></span> <span class='ocrx_word' id='word_1_40' title='bbox 683 784 764 842; x_wconf 89' lang='lat' dir='ltr'><strong>armis,</strong></span> <span class='ocrx_word' id='word_1_41' title='bbox 777 833 778 836; x_wconf 63' lang='grc'><strong>,</strong></span> 
     </span>
     <span class='ocr_line' id='line_1_9' title="bbox 224 848 830 921; baseline -0.002 -17"><span class='ocrx_word' id='word_1_42' title='bbox 224 856 301 918; x_wconf 89' lang='lat' dir='ltr'><strong>Quod</strong></span> <span class='ocrx_word' id='word_1_43' title='bbox 318 855 349 903; x_wconf 90' lang='lat' dir='ltr'><strong>sit</strong></span> <span class='ocrx_word' id='word_1_44' title='bbox 365 848 442 903; x_wconf 86' lang='lat' dir='ltr'><strong>amica</strong></span> <span class='ocrx_word' id='word_1_45' title='bbox 457 866 536 921; x_wconf 89' lang='lat' dir='ltr'><strong>putat,</strong></span> <span class='ocrx_word' id='word_1_46' title='bbox 552 854 630 903; x_wconf 87' lang='lat' dir='ltr'><strong>hostis</strong></span> <span class='ocrx_word' id='word_1_47' title='bbox 648 866 706 914; x_wconf 88' lang='lat' dir='ltr'><strong>erat,</strong></span> <span class='ocrx_word' id='word_1_48' title='bbox 723 856 814 920; x_wconf 87' lang='lat' dir='ltr'><strong>Capua.</strong></span> <span class='ocrx_word' id='word_1_49' title='bbox 828 904 830 908; x_wconf 71' lang='grc'><strong>,</strong></span> 
     </span>
    </p>

    <p class='ocr_par' dir='ltr' id='par_1_6' title="bbox 175 926 765 1064">
     <span class='ocr_line' id='line_1_10' title="bbox 175 926 759 993; baseline 0.003 -20"><span class='ocrx_word' id='word_1_50' title='bbox 175 926 219 974; x_wconf 92' lang='lat' dir='ltr'><strong>Est</strong></span> <span class='ocrx_word' id='word_1_51' title='bbox 235 926 293 976; x_wconf 93' lang='lat' dir='ltr'><strong>urbs</strong></span> <span class='ocrx_word' id='word_1_52' title='bbox 310 926 405 975; x_wconf 87' lang='lat' dir='ltr'><strong>luxuria</strong></span> <span class='ocrx_word' id='word_1_53' title='bbox 420 926 547 976; x_wconf 87' lang='lat' dir='ltr'><strong>Vulscinia</strong></span> <span class='ocrx_word' id='word_1_54' title='bbox 562 926 658 993; x_wconf 90' lang='lat' dir='ltr'><strong>perdita</strong></span> <span class='ocrx_word' id='word_1_55' title='bbox 674 926 759 986; x_wconf 90' lang='lat' dir='ltr'><strong>multa,</strong></span> 
     </span>
     <span class='ocr_line' id='line_1_11' title="bbox 224 998 765 1064; baseline 0 -18"><span class='ocrx_word' id='word_1_56' title='bbox 224 999 291 1047; x_wconf 90' lang='lat' dir='ltr'><strong>Haec</strong></span> <span class='ocrx_word' id='word_1_57' title='bbox 307 1010 380 1063; x_wconf 88' lang='lat' dir='ltr'><strong>caput</strong></span> <span class='ocrx_word' id='word_1_58' title='bbox 397 999 495 1046; x_wconf 89' lang='lat' dir='ltr'><strong>Etrusci</strong></span> <span class='ocrx_word' id='word_1_59' title='bbox 511 998 653 1046; x_wconf 85' lang='lat' dir='ltr'><strong>constiterat</strong></span> <span class='ocrx_word' id='word_1_60' title='bbox 668 998 765 1064; x_wconf 89' lang='lat' dir='ltr'><strong>populi,</strong></span> 
     </span>
    </p>

    <p class='ocr_par' dir='ltr' id='par_1_7' title="bbox 175 1068 786 1208">
     <span class='ocr_line' id='line_1_12' title="bbox 175 1068 786 1151; baseline 0.002 -34"><span class='ocrx_word' id='word_1_61' title='bbox 175 1068 289 1119; x_wconf 90' lang='lat' dir='ltr'><strong>Moribus</strong></span> <span class='ocrx_word' id='word_1_62' title='bbox 305 1070 357 1137; x_wconf 91' lang='lat' dir='ltr'><strong>ipsa</strong></span> <span class='ocrx_word' id='word_1_63' title='bbox 372 1070 458 1151; x_wconf 78' lang='lat' dir='ltr'><strong>probis</strong></span> <span class='ocrx_word' id='word_1_64' title='bbox 475 1081 499 1118; x_wconf 91' lang='lat' dir='ltr'><strong>et</strong></span> <span class='ocrx_word' id='word_1_65' title='bbox 514 1069 610 1135; x_wconf 84' lang='lat' dir='ltr'><strong>legibus</strong></span> <span class='ocrx_word' id='word_1_66' title='bbox 626 1086 670 1118; x_wconf 88' lang='lat' dir='ltr'><strong>usa</strong></span> <span class='ocrx_word' id='word_1_67' title='bbox 687 1070 786 1150; x_wconf 83' lang='lat' dir='ltr'><strong>severis,</strong></span> 
     </span>
     <span class='ocr_line' id='line_1_13' title="bbox 223 1141 738 1208; baseline -0.002 -18"><span class='ocrx_word' id='word_1_68' title='bbox 223 1142 281 1190; x_wconf 88' lang='lat' dir='ltr'><strong>Post</strong></span> <span class='ocrx_word' id='word_1_69' title='bbox 272 1153 357 1208; x_wconf 88' lang='lat' dir='ltr'><strong>tquam</strong></span> <span class='ocrx_word' id='word_1_70' title='bbox 373 1141 443 1190; x_wconf 92' lang='lat' dir='ltr'><strong>deli&#39;</strong></span> <span class='ocrx_word' id='word_1_71' title='bbox 414 1142 466 1189; x_wconf 90' lang='grc'><strong>11111</strong></span> <span class='ocrx_word' id='word_1_72' title='bbox 484 1158 509 1190; x_wconf 90' lang='grc'><strong>11</strong></span> <span class='ocrx_word' id='word_1_73' title='bbox 525 1141 632 1200; x_wconf 85' lang='lat' dir='ltr'><strong>dederat</strong></span> <span class='ocrx_word' id='word_1_74' title='bbox 648 1141 738 1207; x_wconf 90' lang='lat' dir='ltr'><strong>periit;</strong></span> 
     </span>
    </p>

    <p class='ocr_par' dir='ltr' id='par_1_8' title="bbox 174 1211 731 1351">
     <span class='ocr_line' id='line_1_14' title="bbox 174 1211 708 1280; baseline 0.004 -20"><span class='ocrx_word' id='word_1_75' title='bbox 174 1211 273 1280; x_wconf 76' lang='lat' dir='ltr'><strong>imperi</strong></span> <span class='ocrx_word' id='word_1_76' title='bbox 266 1228 286 1262; x_wconf 97' lang='grc'><strong>11</strong></span> <span class='ocrx_word' id='word_1_77' title='bbox 304 1230 328 1262; x_wconf 88' lang='grc'><strong>11</strong></span> <span class='ocrx_word' id='word_1_78' title='bbox 345 1228 474 1278; x_wconf 87' lang='lat' dir='ltr'><strong>servorum</strong></span> <span class='ocrx_word' id='word_1_79' title='bbox 490 1212 615 1261; x_wconf 88' lang='lat' dir='ltr'><strong>subiecit</strong></span> <span class='ocrx_word' id='word_1_80' title='bbox 574 1213 708 1278; x_wconf 84' lang='lat' dir='ltr'><strong>riniquis‚</strong></span> 
     </span>
     <span class='ocr_line' id='line_1_15' title="bbox 225 1275 740 1365; baseline -0.002 -32"><span class='ocrx_word' id='word_1_81' title='bbox 225 1275 330 1333; x_wconf 87' lang='lat' dir='ltr'><strong>Sumunt</strong></span> <span class='ocrx_word' id='word_1_82' title='bbox 346 1300 434 1333; x_wconf 89' lang='lat' dir='ltr'><strong>uxores</strong></span> <span class='ocrx_word' id='word_1_83' title='bbox 452 1285 495 1365; x_wconf 74' lang='lat' dir='ltr'><strong>qui</strong></span> <span class='ocrx_word' id='word_1_84' title='bbox 510 1285 596 1365; x_wconf 78' lang='lat' dir='ltr'><strong>privus</strong></span> <span class='ocrx_word' id='word_1_85' title='bbox 612 1284 740 1350; x_wconf 87' lang='lat' dir='ltr'><strong>ingenuas,</strong></span> 
     </span>
    </p>

    <p class='ocr_par' dir='ltr' id='par_1_9' title="bbox 174 1354 818 1495">
     <span class='ocr_line' id='line_1_16' title="bbox 174 1354 818 1437; baseline 0 -33"><span class='ocrx_word' id='word_1_86' title='bbox 174 1354 236 1404; x_wconf 81' lang='lat' dir='ltr'><strong>Inde</strong></span> <span class='ocrx_word' id='word_1_87' title='bbox 251 1367 374 1405; x_wconf 87' lang='lat' dir='ltr'><strong>senatores</strong></span> <span class='ocrx_word' id='word_1_88' title='bbox 390 1356 491 1405; x_wconf 86' lang='lat' dir='ltr'><strong>factir</strong></span> <span class='ocrx_word' id='word_1_89' title='bbox 465 1373 482 1404; x_wconf 91' lang='lat' dir='ltr'><strong>n</strong></span> <span class='ocrx_word' id='word_1_90' title='bbox 483 1356 619 1437; x_wconf 82' lang='lat' dir='ltr'><strong>irniumque</strong></span> <span class='ocrx_word' id='word_1_91' title='bbox 634 1367 757 1436; x_wconf 79' lang='lat' dir='ltr'><strong>potentes,</strong></span> <span class='ocrx_word' id='word_1_92' title='bbox 816 1354 818 1356; x_wconf 61' lang='grc'><strong>’</strong></span> 
     </span>
     <span class='ocr_line' id='line_1_17' title="bbox 224 1427 771 1495; baseline -0.002 -19"><span class='ocrx_word' id='word_1_93' title='bbox 224 1427 321 1477; x_wconf 91' lang='lat' dir='ltr'><strong>Urbis</strong></span> <span class='ocrx_word' id='word_1_94' title='bbox 314 1443 352 1476; x_wconf 87' lang='lat' dir='ltr'><strong>rus</strong></span> <span class='ocrx_word' id='word_1_95' title='bbox 369 1428 467 1495; x_wconf 90' lang='lat' dir='ltr'><strong>rapiunt</strong></span> <span class='ocrx_word' id='word_1_96' title='bbox 482 1428 584 1493; x_wconf 84' lang='lat' dir='ltr'><strong>iuraque</strong></span> <span class='ocrx_word' id='word_1_97' title='bbox 599 1428 771 1487; x_wconf 89' lang='lat' dir='ltr'><strong>constituunt;</strong></span> 
     </span>
    </p>

    <p class='ocr_par' dir='ltr' id='par_1_10' title="bbox 175 1499 774 1637">
     <span class='ocr_line' id='line_1_18' title="bbox 175 1499 774 1580; baseline 0.002 -34"><span class='ocrx_word' id='word_1_98' title='bbox 175 1499 246 1547; x_wconf 89' lang='lat' dir='ltr'><strong>Esset</strong></span> <span class='ocrx_word' id='word_1_99' title='bbox 261 1499 319 1548; x_wconf 90' lang='lat' dir='ltr'><strong>adul</strong></span> <span class='ocrx_word' id='word_1_100' title='bbox 320 1499 410 1548; x_wconf 88' lang='lat' dir='ltr'><strong>terium</strong></span> <span class='ocrx_word' id='word_1_101' title='bbox 424 1510 600 1580; x_wconf 87' lang='lat' dir='ltr'><strong>praeceperunt</strong></span> <span class='ocrx_word' id='word_1_102' title='bbox 615 1510 643 1547; x_wconf 94' lang='lat' dir='ltr'><strong>ut</strong></span> <span class='ocrx_word' id='word_1_103' title='bbox 658 1499 774 1559; x_wconf 87' lang='lat' dir='ltr'><strong>inultum,</strong></span> 
     </span>
     <span class='ocr_line' id='line_1_19' title="bbox 222 1559 764 1637; baseline -0.002 -17"><span class='ocrx_word' id='word_1_104' title='bbox 222 1570 306 1636; x_wconf 87' lang='lat' dir='ltr'><strong>Atque</strong></span> <span class='ocrx_word' id='word_1_105' title='bbox 321 1559 428 1637; x_wconf 89' lang='lat' dir='ltr'><strong>pudici&#39;</strong></span> <span class='ocrx_word' id='word_1_106' title='bbox 408 1586 471 1620; x_wconf 90' lang='lat' dir='ltr'><strong>cram</strong></span> <span class='ocrx_word' id='word_1_107' title='bbox 486 1587 539 1619; x_wconf 86' lang='lat' dir='ltr'><strong>non</strong></span> <span class='ocrx_word' id='word_1_108' title='bbox 554 1582 671 1619; x_wconf 87' lang='lat' dir='ltr'><strong>temerare</strong></span> <span class='ocrx_word' id='word_1_109' title='bbox 687 1570 764 1630; x_wconf 69' lang='lat' dir='ltr'><strong>nefas</strong></span> 
     </span>
    </p>

    <p class='ocr_par' dir='ltr' id='par_1_11' title="bbox 174 1641 758 1780">
     <span class='ocr_line' id='line_1_20' title="bbox 174 1641 758 1708; baseline 0 -17"><span class='ocrx_word' id='word_1_110' title='bbox 174 1642 287 1707; x_wconf 85' lang='lat' dir='ltr'><strong>Ingenuo</strong></span> <span class='ocrx_word' id='word_1_111' title='bbox 304 1654 414 1691; x_wconf 91' lang='lat' dir='ltr'><strong>statuunt</strong></span> <span class='ocrx_word' id='word_1_112' title='bbox 429 1659 461 1691; x_wconf 90' lang='lat' dir='ltr'><strong>ne</strong></span> <span class='ocrx_word' id='word_1_113' title='bbox 476 1641 553 1691; x_wconf 89' lang='lat' dir='ltr'><strong>nubat</strong></span> <span class='ocrx_word' id='word_1_114' title='bbox 568 1641 686 1691; x_wconf 84' lang='lat' dir='ltr'><strong>liberavi</strong></span> <span class='ocrx_word' id='word_1_115' title='bbox 659 1657 758 1708; x_wconf 86' lang='lat' dir='ltr'><strong>virgo</strong></span> 
     </span>
     <span class='ocr_line' id='line_1_21' title="bbox 222 1713 718 1780; baseline 0.002 -18"><span class='ocrx_word' id='word_1_116' title='bbox 222 1714 312 1763; x_wconf 90' lang='lat' dir='ltr'><strong>Donec</strong></span> <span class='ocrx_word' id='word_1_117' title='bbox 327 1713 419 1763; x_wconf 90' lang='lat' dir='ltr'><strong>delibet</strong></span> <span class='ocrx_word' id='word_1_118' title='bbox 436 1729 520 1763; x_wconf 91' lang='lat' dir='ltr'><strong>servus</strong></span> <span class='ocrx_word' id='word_1_119' title='bbox 537 1730 591 1762; x_wconf 89' lang='lat' dir='ltr'><strong>eam</strong></span> <span class='ocrx_word' id='word_1_120' title='bbox 606 1713 718 1780; x_wconf 89' lang='lat' dir='ltr'><strong>cupidus.</strong></span> 
     </span>
    </p>

    <p class='ocr_par' dir='ltr' id='par_1_12' title="bbox 175 1784 925 1924">
     <span class='ocr_line' id='line_1_22' title="bbox 175 1784 792 1853; baseline 0.003 -21"><span class='ocrx_word' id='word_1_121' title='bbox 175 1784 265 1834; x_wconf 91' lang='lat' dir='ltr'><strong>Edicto</strong></span> <span class='ocrx_word' id='word_1_122' title='bbox 280 1785 394 1853; x_wconf 88' lang='lat' dir='ltr'><strong>princeps</strong></span> <span class='ocrx_word' id='word_1_123' title='bbox 410 1786 530 1852; x_wconf 89' lang='lat' dir='ltr'><strong>proponit</strong></span> <span class='ocrx_word' id='word_1_124' title='bbox 545 1786 653 1853; x_wconf 87' lang='lat' dir='ltr'><strong>praemia</strong></span> <span class='ocrx_word' id='word_1_125' title='bbox 669 1787 762 1834; x_wconf 87' lang='lat' dir='ltr'><strong>Xerxes</strong></span> <span class='ocrx_word' id='word_1_126' title='bbox 790 1835 792 1840; x_wconf 80' lang='grc'><strong>,</strong></span> 
     </span>
     <span class='ocr_line' id='line_1_23' title="bbox 222 1854 925 1924; baseline -0.006 -19"><span class='ocrx_word' id='word_1_127' title='bbox 222 1854 320 1916; x_wconf 77' lang='lat' dir='ltr'><strong>Danda,</strong></span> <span class='ocrx_word' id='word_1_128' title='bbox 335 1857 471 1924; x_wconf 87' lang='lat' dir='ltr'><strong>voluptatis</strong></span> <span class='ocrx_word' id='word_1_129' title='bbox 488 1857 509 1905; x_wconf 92' lang='lat' dir='ltr'><strong>si</strong></span> <span class='ocrx_word' id='word_1_130' title='bbox 525 1873 607 1922; x_wconf 40' lang='lat' dir='ltr'><strong>genus,</strong></span> <span class='ocrx_word' id='word_1_131' title='bbox 618 1857 735 1916; x_wconf 84' lang='lat' dir='ltr'><strong>inveniat,</strong></span> <span class='ocrx_word' id='word_1_132' title='bbox 903 1866 925 1901; x_wconf 80' lang='lat'><strong>60</strong></span> 
     </span>
    </p>

    <p class='ocr_par' dir='ltr' id='par_1_13' title="bbox 174 1927 831 2067">
     <span class='ocr_line' id='line_1_24' title="bbox 174 1927 831 2008; baseline 0.003 -33"><span class='ocrx_word' id='word_1_133' title='bbox 174 1927 274 1977; x_wconf 91' lang='lat' dir='ltr'><strong>Fercula</strong></span> <span class='ocrx_word' id='word_1_134' title='bbox 290 1930 311 1977; x_wconf 89' lang='lat' dir='ltr'><strong>si</strong></span> <span class='ocrx_word' id='word_1_135' title='bbox 326 1929 421 1987; x_wconf 90' lang='lat' dir='ltr'><strong>doceat,</strong></span> <span class='ocrx_word' id='word_1_136' title='bbox 439 1945 501 2008; x_wconf 83' lang='lat' dir='ltr'><strong>quae</strong></span> <span class='ocrx_word' id='word_1_137' title='bbox 516 1944 569 1976; x_wconf 89' lang='lat' dir='ltr'><strong>non</strong></span> <span class='ocrx_word' id='word_1_138' title='bbox 585 1945 628 1981; x_wconf 87' lang='lat' dir='ltr'><strong>sua</strong></span> <span class='ocrx_word' id='word_1_139' title='bbox 643 1929 742 1978; x_wconf 87' lang='lat' dir='ltr'><strong>noverit</strong></span> <span class='ocrx_word' id='word_1_140' title='bbox 757 1940 831 1988; x_wconf 85' lang='lat' dir='ltr'><strong>aetas,</strong></span> 
     </span>
     <span class='ocr_line' id='line_1_25' title="bbox 222 1998 746 2067; baseline 0.002 -19"><span class='ocrx_word' id='word_1_141' title='bbox 222 1998 366 2066; x_wconf 87' lang='lat' dir='ltr'><strong>Archimagi</strong></span> <span class='ocrx_word' id='word_1_142' title='bbox 369 2016 408 2049; x_wconf 93' lang='lat' dir='ltr'><strong>ros</strong></span> <span class='ocrx_word' id='word_1_143' title='bbox 425 2001 480 2066; x_wconf 90' lang='lat' dir='ltr'><strong>quis</strong></span> <span class='ocrx_word' id='word_1_144' title='bbox 497 2000 655 2067; x_wconf 89' lang='lat' dir='ltr'><strong>exuperando</strong></span> <span class='ocrx_word' id='word_1_145' title='bbox 671 2017 746 2060; x_wconf 89' lang='lat' dir='ltr'><strong>suos;</strong></span> 
     </span>
    </p>

    <p class='ocr_par' dir='ltr' id='par_1_14' title="bbox 176 2070 756 2193">
     <span class='ocr_line' id='line_1_26' title="bbox 176 2070 756 2138; baseline 0.003 -19"><span class='ocrx_word' id='word_1_146' title='bbox 176 2070 303 2120; x_wconf 92' lang='lat' dir='ltr'><strong>Obsidet</strong></span> <span class='ocrx_word' id='word_1_147' title='bbox 296 2087 425 2121; x_wconf 83' lang='lat' dir='ltr'><strong>inmensus</strong></span> <span class='ocrx_word' id='word_1_148' title='bbox 424 2071 502 2137; x_wconf 87' lang='lat' dir='ltr'><strong>regis</strong></span> <span class='ocrx_word' id='word_1_149' title='bbox 518 2071 661 2138; x_wconf 90' lang='lat' dir='ltr'><strong>praecordia</strong></span> <span class='ocrx_word' id='word_1_150' title='bbox 676 2072 756 2137; x_wconf 85' lang='lat' dir='ltr'><strong>luxus,</strong></span> 
     </span>
     <span class='ocr_line' id='line_1_27' title="bbox 222 2134 716 2202; baseline -0.002 -10"><span class='ocrx_word' id='word_1_151' title='bbox 222 2143 284 2193; x_wconf 87' lang='lat' dir='ltr'><strong>Non</strong></span> <span class='ocrx_word' id='word_1_152' title='bbox 300 2154 335 2192; x_wconf 91' lang='lat' dir='ltr'><strong>sat</strong></span> <span class='ocrx_word' id='word_1_153' title='bbox 337 2144 370 2191; x_wconf 90' lang='lat' dir='ltr'><strong>iat</strong></span> <span class='ocrx_word' id='word_1_154' title='bbox 386 2134 455 2202; x_wconf 81' lang='lat' dir='ltr'><strong>cuius</strong></span> <span class='ocrx_word' id='word_1_155' title='bbox 472 2153 531 2191; x_wconf 91' lang='lat' dir='ltr'><strong>nota</strong></span> <span class='ocrx_word' id='word_1_156' title='bbox 547 2142 648 2191; x_wconf 87' lang='lat' dir='ltr'><strong>libido</strong></span> <span class='ocrx_word' id='word_1_157' title='bbox 642 2158 716 2192; x_wconf 85' lang='lat' dir='ltr'><strong>iecur.</strong></span> 
     </span>
    </p>

    <p class='ocr_par' dir='ltr' id='par_1_15' title="bbox 173 2205 927 2353">
     <span class='ocr_line' id='line_1_28' title="bbox 173 2205 927 2279; baseline -0.005 -16"><span class='ocrx_word' id='word_1_158' title='bbox 173 2213 313 2263; x_wconf 86' lang='lat' dir='ltr'><strong>Anthiocus</strong></span> <span class='ocrx_word' id='word_1_159' title='bbox 331 2205 405 2263; x_wconf 88' lang='lat' dir='ltr'><strong>Siriae</strong></span> <span class='ocrx_word' id='word_1_160' title='bbox 421 2230 464 2263; x_wconf 89' lang='lat' dir='ltr'><strong>rex</strong></span> <span class='ocrx_word' id='word_1_161' title='bbox 478 2214 556 2263; x_wconf 86' lang='lat' dir='ltr'><strong>fertur</strong></span> <span class='ocrx_word' id='word_1_162' title='bbox 572 2214 664 2279; x_wconf 87' lang='lat' dir='ltr'><strong>grande</strong></span> <span class='ocrx_word' id='word_1_163' title='bbox 679 2214 756 2263; x_wconf 87' lang='lat' dir='ltr'><strong>fuisse</strong></span> <span class='ocrx_word' id='word_1_164' title='bbox 824 2269 826 2271; x_wconf 13' lang='lat' dir='ltr'><strong>v</strong></span> <span class='ocrx_word' id='word_1_165' title='bbox 907 2225 927 2269; x_wconf 76' lang='lat'><strong>⁶5</strong></span> 
     </span>
     <span class='ocr_line' id='line_1_29' title="bbox 223 2286 713 2353; baseline 0 -19"><span class='ocrx_word' id='word_1_166' title='bbox 223 2286 354 2353; x_wconf 82' lang='lat' dir='ltr'><strong>Exemplar</strong></span> <span class='ocrx_word' id='word_1_167' title='bbox 368 2287 451 2351; x_wconf 85' lang='lat' dir='ltr'><strong>prisco</strong></span> <span class='ocrx_word' id='word_1_168' title='bbox 468 2297 580 2352; x_wconf 78' lang='lat' dir='ltr'><strong>tempore</strong></span> <span class='ocrx_word' id='word_1_169' title='bbox 595 2286 713 2345; x_wconf 81' lang='lat' dir='ltr'><strong>luxuriae,</strong></span> 
     </span>
    </p>

    <p class='ocr_par' dir='ltr' id='par_1_16' title="bbox 174 2357 722 2496">
     <span class='ocr_line' id='line_1_30' title="bbox 174 2357 722 2423; baseline 0.004 -19"><span class='ocrx_word' id='word_1_170' title='bbox 174 2357 235 2406; x_wconf 88' lang='lat' dir='ltr'><strong>Eius</strong></span> <span class='ocrx_word' id='word_1_171' title='bbox 252 2373 326 2423; x_wconf 89' lang='lat' dir='ltr'><strong>quem</strong></span> <span class='ocrx_word' id='word_1_172' title='bbox 341 2368 409 2406; x_wconf 91' lang='lat' dir='ltr'><strong>totus</strong></span> <span class='ocrx_word' id='word_1_173' title='bbox 426 2358 544 2406; x_wconf 87' lang='lat' dir='ltr'><strong>exercitus</strong></span> <span class='ocrx_word' id='word_1_174' title='bbox 561 2368 598 2406; x_wconf 90' lang='lat' dir='ltr'><strong>est</strong></span> <span class='ocrx_word' id='word_1_175' title='bbox 613 2357 722 2406; x_wconf 87' lang='lat' dir='ltr'><strong>imitatus</strong></span> 
     </span>
     <span class='ocr_line' id='line_1_31' title="bbox 222 2427 714 2496; baseline -0.002 -18"><span class='ocrx_word' id='word_1_176' title='bbox 222 2428 286 2478; x_wconf 87' lang='lat' dir='ltr'><strong>Auri</strong></span> <span class='ocrx_word' id='word_1_177' title='bbox 300 2428 436 2496; x_wconf 84' lang='lat' dir='ltr'><strong>praefigens</strong></span> <span class='ocrx_word' id='word_1_178' title='bbox 453 2427 580 2478; x_wconf 81' lang='lat' dir='ltr'><strong>claviculis</strong></span> <span class='ocrx_word' id='word_1_179' title='bbox 596 2429 714 2495; x_wconf 85' lang='lat' dir='ltr'><strong>crepidas,</strong></span> 
     </span>
    </p>

    <p class='ocr_par' dir='ltr' id='par_1_17' title="bbox 173 2499 775 2638">
     <span class='ocr_line' id='line_1_32' title="bbox 173 2499 775 2567; baseline 0.002 -19"><span class='ocrx_word' id='word_1_180' title='bbox 173 2499 289 2567; x_wconf 88' lang='lat' dir='ltr'><strong>Aptaque</strong></span> <span class='ocrx_word' id='word_1_181' title='bbox 305 2515 457 2567; x_wconf 90' lang='lat' dir='ltr'><strong>componens</strong></span> <span class='ocrx_word' id='word_1_182' title='bbox 474 2517 504 2549; x_wconf 92' lang='lat' dir='ltr'><strong>ex</strong></span> <span class='ocrx_word' id='word_1_183' title='bbox 519 2514 580 2548; x_wconf 89' lang='lat' dir='ltr'><strong>auro</strong></span> <span class='ocrx_word' id='word_1_184' title='bbox 596 2517 654 2549; x_wconf 85' lang='lat' dir='ltr'><strong>vasa</strong></span> <span class='ocrx_word' id='word_1_185' title='bbox 670 2501 775 2560; x_wconf 88' lang='lat' dir='ltr'><strong>culinae,</strong></span> 
     </span>
     <span class='ocr_line' id='line_1_33' title="bbox 223 2571 735 2638; baseline 0.002 -18"><span class='ocrx_word' id='word_1_186' title='bbox 223 2573 255 2620; x_wconf 91' lang='lat' dir='ltr'><strong>Et</strong></span> <span class='ocrx_word' id='word_1_187' title='bbox 270 2583 359 2637; x_wconf 88' lang='lat' dir='ltr'><strong>potans</strong></span> <span class='ocrx_word' id='word_1_188' title='bbox 375 2587 436 2621; x_wconf 91' lang='lat' dir='ltr'><strong>auro</strong></span> <span class='ocrx_word' id='word_1_189' title='bbox 454 2589 496 2620; x_wconf 94' lang='lat' dir='ltr'><strong>seu</strong></span> <span class='ocrx_word' id='word_1_190' title='bbox 512 2571 609 2637; x_wconf 90' lang='lat' dir='ltr'><strong>capiens</strong></span> <span class='ocrx_word' id='word_1_191' title='bbox 626 2572 735 2638; x_wconf 89' lang='lat' dir='ltr'><strong>epulum,</strong></span> 
     </span>
    </p>
   </div>
   <div class='ocr_carea' id='block_1_3' title="bbox 140 2740 303 2782">
    <p class='ocr_par' dir='ltr' id='par_1_18' title="bbox 140 2740 303 2782">
     <span class='ocr_line' id='line_1_34' title="bbox 140 2740 303 2782; baseline 0 -9"><span class='ocrx_word' id='word_1_192' title='bbox 140 2741 159 2782; x_wconf 80' lang='lat'><strong>58</strong></span> <span class='ocrx_word' id='word_1_193' title='bbox 172 2748 231 2772; x_wconf 85' lang='lat' dir='ltr'><strong>servus</strong></span> <span class='ocrx_word' id='word_1_194' title='bbox 243 2740 259 2772; x_wconf 83' lang='lat' dir='ltr'><strong>in</strong></span> <span class='ocrx_word' id='word_1_195' title='bbox 270 2749 303 2773; x_wconf 86' lang='lat' dir='ltr'><strong>ras.</strong></span> 
     </span>
    </p>
   </div>
   <div class='ocr_carea' id='block_1_4' title="bbox 0 0 1038 3216">
    <p class='ocr_par' dir='ltr' id='par_1_19' title="bbox 0 0 1038 3216">
     <span class='ocr_line' id='line_1_35' title="bbox 0 0 1038 3216; baseline 0 0"><span class='ocrx_word' id='word_1_196' title='bbox 0 0 1038 3216; x_wconf 95' lang='lat' dir='ltr'><strong> </strong></span> 
     </span>
    </p>
   </div>
  </div>
 </body>
</html>
