2068 3216
203 168 251 213 180

376 254 410 286 DE
426 251 632 287 MEMoumserus
648 237 702 286 VH.
721 254 736 298 4

106 399 126 433 ³5
200 378 370 434 Miraturnati
386 396 427 428 rex
442 379 528 429 callida
543 379 606 428 facta
622 379 711 440 dolosi,
763 435 765 438 ,
797 396 799 398 ·

248 451 283 500 At
298 468 351 500 non
366 450 440 517 legati
455 451 568 501 credulus
585 462 621 500 est
636 449 702 511 fidei,
760 484 762 488 ι

199 522 229 571 In
244 522 291 572 sibi
306 523 453 589 contiguum
468 534 562 572 secreto
577 539 652 588 quem
666 523 740 572 trahit
755 524 863 582 hortum,
896 539 897 542 ¹

248 593 389 643 Vemabant
403 594 485 661 plures
502 594 542 643 hic
558 594 672 643 holerum
688 595 798 662 speties,

202 664 284 727 Quem
299 666 386 715 tulerat
402 665 491 715 baculo
506 666 599 714 maiora
614 680 734 734 papavera
750 666 846 725 sternit,

106 757 130 789 40
250 738 407 804 Responsum
422 749 482 786 nato
497 754 549 787 non
565 737 632 786 aliud
648 738 742 798 tribuit,
778 783 779 786 ,

202 807 253 870 Qui
269 809 349 868 rediit,
365 826 417 857 non
433 826 494 875 quae
510 809 572 858 dixit
589 809 631 858 sed
648 825 708 875 quae
724 821 792 877 pater
808 810 859 875 egit

251 880 369 940 Prodidit,
386 882 488 946 agnovit
504 881 568 930 filius
584 892 636 929 acta
651 882 743 948 patris;

202 951 303 1001 Divitiis
320 952 413 1001 Gabios
430 954 469 1001 vel
485 953 613 1002 nobilitate
629 953 729 1020 supinos
781 986 782 989 =

250 1024 297 1073 Vei
314 1024 398 1072 sternit
413 1022 478 1073 ferro
494 1025 534 1073 vel
549 1024 639 1092 premit
655 1025 738 1073 exilio.-

106 1114 128 1147 45
203 1095 278 1162 Capta
293 1096 342 1144 iam
358 1097 444 1155 Roma,
461 1096 528 1145 Galli
543 1095 633 1145 collem
649 1096 764 1163 Capitolii

251 1167 367 1233 Cingunt,
384 1166 489 1216 obsessis
506 1167 544 1216 his
559 1167 595 1216 ibi
611 1167 655 1232 qui
669 1166 772 1227 fuerant,

203 1238 320 1304 Dumque
335 1237 399 1288 fame
414 1240 498 1306 potius
516 1255 590 1304 quam
605 1239 631 1287 vi
648 1251 744 1306 sperant
760 1238 900 1306 capiendos,

250 1310 378 1378 Aspitiunt
392 1325 467 1377 panes
483 1322 546 1359 tecta
560 1326 605 1378 per
621 1311 744 1378 expositos

203 1381 267 1430 Aere
284 1382 329 1431 sub
344 1382 413 1430 nudo
429 1383 527 1449 passim,
545 1382 613 1449 quasi
629 1399 660 1430 ne
676 1393 832 1441 veterescant,
913 1393 926 1430 f.
937 1404 960 1437 ῃ

110 1472 131 1506 50
252 1455 291 1503 Ne
306 1453 348 1503 fiat
364 1454 442 1519 longo
458 1454 555 1502 mucida
572 1454 634 1502 mica
651 1454 715 1513 situ3

204 1524 269 1574 Gassi
284 1525 436 1573 frumentum
451 1526 553 1575 credunt
568 1525 616 1574 illis
631 1525 686 1574 fore
701 1525 815 1584 muitum,

254 1597 359 1647 Suadent
374 1613 436 1645 auro
451 1597 539 1646 urbem
555 1613 628 1662 seque
645 1597 718 1645 simul
734 1596 862 1655 redimant,

204 1668 297 1718 Urbem
313 1668 356 1734 qui
371 1668 455 1717 multis
471 1669 594 1718 redimunt
611 1685 710 1735 seseque
726 1668 831 1728 talentis,

252 1742 379 1807 Paeneque
395 1740 525 1790 subversae
540 1756 588 1807 pax
603 1739 666 1788 redit
682 1740 815 1789 Ausoniae.

110 1832 130 1865 55
205 1811 325 1861 Celtibros
343 1812 450 1875 Quintus
466 1812 569 1861 vexabat
585 1810 664 1860 Marte
680 1811 803 1871 Metellus,
874 1862 875 1866 ,

252 1883 353 1933 Moenia
368 1884 476 1933 munitae
492 1885 609 1933 clauserat
625 1882 682 1931 hinc
698 1883 816 1941 Trebiae;

204 1956 274 2004 Hanc
290 1955 424 2023 expugnari
439 1956 513 2004 nullis
530 1954 590 2003 dum
606 1967 713 2004 cerneret
728 1955 810 2014 armis

252 2027 371 2076 Discessit
387 2043 452 2075 cassa
469 2027 579 2076 defitiens
595 2041 686 2093 opera3

205 2099 303 2165 Cogitat
319 2109 397 2147 astuta
413 2098 478 2147 cives
494 2109 647 2165 praevertere
663 2098 770 2164 stropha,

110 2179 133 2214 ⁶0
254 2170 329 2219 Exuit
344 2169 390 2218 hos
406 2169 488 2218 abiens
505 2169 636 2219 obsidione
653 2186 695 2218 sua
704 2188 711 2228 ;

206 2243 238 2289 Et
253 2258 319 2290 nunc
335 2241 381 2290 hos
397 2254 502 2301 montes,
518 2258 584 2289 nunc
600 2241 675 2289 colles
692 2252 796 2307 occupat
810 2240 878 2299 issos,
896 2257 898 2261 ’

253 2314 324 2362 Plura
340 2313 480 2380 repentinus
497 2312 589 2380 oppida
604 2327 679 2379 parva
695 2313 767 2379 capit,

133 2411 135 2417 ι
206 2385 246 2445 Et,
263 2385 331 2450 quasi
348 2384 378 2433 de
395 2384 482 2433 Trebia
498 2385 617 2451 desperet,
633 2384 669 2431 nil
685 2384 736 2450 agit
752 2383 816 2443 inde,
892 2417 894 2420 >

254 2458 311 2505 Hoc
326 2456 404 2504 hostis
421 2456 497 2507 credit
513 2456 583 2504 miles
600 2466 623 2504 et
639 2455 691 2522 ipse
707 2472 782 2514 suus;

110 2537 132 2582 ες
206 2527 289 2587 Carus,
306 2527 403 2576 consilii
419 2528 479 2592 quid
495 2539 588 2586 tractet,
605 2526 666 2575 dum
681 2527 727 2575 sibi
744 2526 845 2592 quaerit,

256 2599 383 2658 «Mitte»,
396 2598 477 2659 refert,
491 2610 628 2647 «nostrum
640 2614 753 2664 quaerere
769 2597 918 2656 consilium;

170 2728 189 2761 35
202 2716 262 2752 callida
274 2717 334 2760 f(acta)
344 2719 362 2751 in
371 2728 404 2751 ras.
416 2716 437 2751 al.
449 2729 490 2753 man.
540 2721 560 2761 38
569 2716 662 2751 holerum:
674 2716 772 2761 hsuprascr,
822 2728 842 2760 52
855 2728 919 2761 seque:

133 2777 153 2800 se
164 2772 243 2809 suprascr.
