2068 3216
226 159 276 212 428

421 242 555 277 lrrnncurn
572 242 589 277 s.
607 242 746 277 uunsurcrr

275 371 396 435 Tempore
412 368 522 419 Vulfaldi
537 370 654 435 praesulis
671 372 771 437 egregii,

226 442 301 491 Cuius
318 441 427 490 membra
441 442 516 507 patris
532 441 624 508 placuit
640 455 766 493 conectere
782 446 919 506 membris„

273 512 407 562 Includunt
422 530 473 562 uno
490 529 594 581 corpora
610 513 671 563 dum
685 514 777 565 loculo.

225 584 389 651 Naufragium
403 585 495 651 patitur
510 585 584 645 Felix,
601 585 666 634 hunc
682 602 791 653 mergere
807 588 891 638 vultur

221 709 223 712 ,
274 657 390 716 Conatur‚
406 656 483 725 tipieo
499 658 634 724 percutitur
650 657 755 718 baculo;

225 728 363 796 Appropiat
380 729 492 795 scopulo,
509 729 610 778 laetatur
625 729 711 779 codice
725 745 823 797 prenso,

274 799 376 867 Colligit
391 812 416 849 et
432 815 527 866 sparsos
543 816 587 866 per
602 801 702 868 pelagus
720 802 804 853 sotios.

226 872 274 921 Hie
290 872 412 922 desiderio
429 872 530 922 demum
545 889 673 922 succensus
690 874 803 935 honesto,

274 944 382 1011 Enpetiit
397 945 465 993 Pauli
482 960 595 1010 sacraque
611 944 682 994 busta
696 946 771 1011 patris

225 1015 342 1082 Dumque
351 1016 465 1082 scapham
473 1016 574 1076 scandit,
584 1033 643 1065 mox
650 1016 676 1065 in
685 1018 771 1066 fluctus
778 1033 843 1068 mare
851 1020 936 1085 surgit,

275 1088 326 1151 Qui
341 1099 463 1154 praestant
479 1089 589 1154 requiem
605 1089 686 1153 poscit
694 1101 826 1155 utrumque
833 1102 935 1157 patrem.

225 1161 272 1208 Res
288 1160 393 1227 inopum
409 1161 497 1209 laceras
514 1172 538 1209 et
553 1173 585 1219 te,
603 1159 735 1220 Gaufrede,
751 1161 865 1222 trucidas,
923 1208 925 1212 ,

272 1232 403 1281 Morsibus
414 1232 495 1285 exedit
510 1232 551 1281 cui
567 1232 638 1298 niger
653 1248 696 1281 ora
711 1232 776 1282 canis
786 1251 807 1293 ;⁴

224 1303 434 1353 Amensefficcris
450 1305 545 1353 clausus
560 1305 673 1369 nigrante
688 1303 772 1365 cubili,

274 1376 359 1425 Ertalas
375 1376 489 1426 miseram
504 1375 617 1425 deficiens
633 1377 746 1425 animam.

225 1447 319 1495 Pronus
335 1446 464 1497 Amfridus
480 1459 585 1498 macerat
601 1463 675 1513 quem
689 1448 777 1514 langor
792 1448 900 1509 acerbus,

273 1519 308 1567 Ut
324 1520 371 1568 sibi
387 1519 525 1579 subvenias,
542 1536 557 1567 0
574 1519 712 1579 Benediete,
729 1530 816 1585 rogat;

224 1591 356 1640 Desolatus
373 1603 423 1640 erat
440 1608 496 1640 suus
513 1591 594 1651 abbas,-
611 1592 677 1640 hunc
693 1592 834 1657 quiarelat,

273 1663 350 1711 Ulcus
366 1664 427 1713 dum
442 1664 530 1729 tangis,
545 1663 624 1728 prisca
640 1663 703 1712 salus
720 1663 799 1713 rediit.

225 1735 369 1784 Cluniacum
384 1736 470 1784 transit
484 1736 580 1784 loculus
597 1734 642 1783 sub
658 1736 857 1802 nominepatris,
935 1775 937 1780 ,

273 1807 359 1855 Gestat
375 1807 455 1856 ethic
471 1807 536 1855 intro
552 1807 656 1872 pignora
671 1823 724 1855 cara
740 1807 814 1866 Deo,;

224 1879 328 1927 Lumina
344 1879 418 1927 flabra
434 1879 513 1929 Nothi
529 1878 704 1928 restincxerunt
719 1878 830 1938 violenti,

273 1950 378 2000 Caelitus
395 1952 499 1999 accensis
516 1950 735 2016 obstupuereviri.

223 2024 311 2087 ignem
326 2023 462 2088 doctilogo,
480 2021 608 2081 Bernarde,
624 2022 723 2072 minaris
739 2022 847 2081 alumno,

272 2094 382 2143 Multum
398 2094 493 2154 deliras,
509 2106 534 2142 te
550 2095 607 2160 quia
621 2109 695 2160 posse
709 2105 796 2160 putas:

223 2166 321 2215 Falleris
338 2184 392 2215 ecce
409 2166 477 2215 brevi
493 2165 622 2215 confossus
638 2165 669 2214 ab
684 2165 755 2214 hoste
770 2164 855 2225 feroci,
925 2173 1005 2219 ·f.172v

272 2239 364 2287 Forsan
379 2250 525 2305 perpetuum
540 2237 678 2305 perpeciere
691 2252 790 2303 rogum.

225 2310 312 2359 Offitio
328 2322 439 2377 promtae
453 2310 548 2376 privata
563 2309 671 2376 puellula
683 2309 783 2374 linguae

272 2382 401 2448 Reptando
418 2381 529 2431 manibus
546 2392 644 2430 venerat
661 2391 685 2429 et
701 2379 812 2446 genibus,

224 2455 334 2520 Longius
350 2454 381 2503 ad
398 2470 476 2503 sacrae
492 2452 565 2501 cubat
580 2453 639 2501 haec
655 2452 716 2502 dum
730 2452 814 2501 limina
829 2462 922 2518 portae,

272 2527 367 2591 Lingua
383 2524 536 2584 reformatur,
553 2541 648 2590 gressus
661 2536 689 2573 et
705 2524 813 2589 erigitur.

223 2595 302 2647 Audit
318 2597 454 2646 Alexandra
470 2597 522 2645 fieri
538 2596 653 2645 miracula
669 2606 742 2655 tanta,

272 2670 337 2718 Ferri
354 2686 379 2718 se
394 2669 475 2734 poscit
490 2668 521 2717 ad
538 2684 602 2716 sacra
617 2678 679 2716 tecta
695 2668 777 2732 patris,

187 2776 217 2808 549
229 2765 292 2799 nothi:
304 2764 316 2797 h
324 2771 403 2808 suprascr.
452 2774 459 2806 5
464 2774 485 2806 50
494 2762 583 2806 (accens)is
592 2761 699 2805 obstupuere
707 2760 741 2795 viri
748 2762 765 2796 in
774 2771 807 2795 ras.
