2068 3216
214 178 264 227 294

478 248 598 283 Eatsrurn
623 236 659 283 Vl

211 374 401 426 Delectabilium
417 388 571 426 succrescunt
586 377 691 442 plurima
708 395 797 438 rerum,

260 449 337 514 Vulgi
353 449 463 497 mirantis
480 464 575 497 summa
590 463 634 514 per
651 465 693 498 ora
709 450 791 508 feror;

212 521 290 569 Dives
306 520 379 587 agris,
396 519 464 569 dives
480 521 568 586 positis
585 521 611 568 in
626 521 725 571 faenore
740 523 857 581 nummis,

260 592 338 641 Dives
354 593 481 650 vernaclis
499 591 567 641 dives
584 608 650 641 eram
664 608 761 658 pecore.

213 664 259 712 Sed
275 663 321 711 tibi
337 664 357 712 si
373 664 461 712 multas
477 664 604 712 consultus
621 664 718 730 colligis
735 660 808 724 escas

261 735 332 797 Quos
349 753 378 784 ex
394 734 431 784 his
447 735 530 802 plures
547 752 599 783 non
615 736 717 784 deerunt
733 736 824 786 sacies:

213 806 337 855 Obsideor
353 823 396 874 per
412 808 544 855 continuos
560 807 618 855 hinc
634 808 732 872 hospite
748 808 820 867 soles,

260 878 370 928 Aedibus
388 896 401 926 a
417 878 507 927 nostris
524 896 576 927 non
592 878 655 927 redit
671 880 796 937 esuriens;

212 950 301 999 Incidit
317 950 406 999 aversis
423 950 554 999 discrimen
567 950 604 998 ob
619 951 645 999 id
661 950 723 999 mihi
738 950 794 999 fatis

174 1086 176 1089 .
261 1022 339 1071 Onmi
355 1022 416 1070 dum
431 1033 545 1070 nostrum
559 1023 675 1089 panditur
691 1022 834 1087 hospitium.
873 1049 874 1052 =
926 1032 938 1067 f.
952 1043 984 1075 ης

212 1093 326 1159 Denique
337 1092 453 1141 confitear
464 1093 528 1158 quia,
540 1110 601 1159 quae
612 1111 665 1142 mea
676 1094 785 1143 membra
794 1095 896 1160 peremi,

259 1167 290 1214 In
305 1165 412 1213 cinerem
427 1165 491 1214 verti
507 1165 655 1232 seposuique
671 1165 748 1224 domi,
789 1199 790 1202 =

213 1238 245 1285 Et
259 1237 341 1303 piperi
356 1237 416 1284 trito
432 1237 536 1285 miscens
553 1252 640 1285 aurum
656 1238 724 1301 quasi
741 1252 830 1286 servo:

260 1310 343 1358 Nemo
360 1308 408 1356 mei
425 1309 485 1357 sacri
498 1309 614 1357 'conscius
630 1308 703 1356 huius
720 1319 770 1357 erat
779 1326 786 1367 3

212 1381 255 1429 Me
272 1396 371 1445 quoque
387 1380 496 1445 legitime
512 1396 564 1428 non
580 1379 649 1428 rebar
664 1395 738 1445 posse
753 1380 830 1440 litare,
864 1392 865 1395 ’

260 1452 296 1500 Ni
312 1467 410 1500 meeum
425 1467 535 1517 gererem
551 1451 612 1499 dum
628 1466 693 1499 sacra
708 1450 851 1517 perficerem
861 1470 869 1508 ι,

213 1523 306 1571 Totum
321 1523 418 1571 tantillo
434 1522 562 1571 credebam
577 1523 679 1588 puluere
696 1524 773 1583 salvo,

260 1594 346 1643 Meror
361 1605 411 1642 erat
427 1595 509 1642 nullus
526 1595 631 1660 dampna
647 1594 732 1643 tulisse
747 1595 823 1660 prius.

213 1666 280 1732 Ergo
296 1665 363 1714 felici
378 1666 495 1733 prolapsu
511 1666 572 1715 dum
587 1678 641 1714 rota
657 1667 740 1725 currit,

260 1737 348 1786 Invida
363 1737 490 1786 fortunam
504 1736 553 1786 fata
569 1737 646 1786 tulere
662 1737 762 1796 bonam,

212 1810 281 1857 Hora
297 1809 414 1874 gentandi
429 1824 518 1858 venere
535 1808 639 1857 domum
655 1808 730 1857 michi
745 1808 809 1867 noti,

260 1881 327 1930 Nam
342 1881 377 1929 sic
393 1891 548 1939 consuerant‚
564 1891 623 1929 tunc
639 1897 687 1945 ego
704 1880 747 1935 sed
763 1879 877 1948 deerant3

212 1951 355 2000 Procundus
371 1952 447 2000 lautas
463 1951 512 2000 illis
529 1968 597 2000 meus
613 1962 713 2018 apparat
729 1968 794 2000 escas

261 2022 397 2071 Multarum
413 2024 529 2072 dominus
545 2034 657 2089 tempore
673 2039 724 2088 quo
740 2022 842 2072 fueram.

212 2095 269 2144 Heu
285 2094 354 2154 mihi,
371 2095 414 2160 qui
430 2095 500 2144 volui
516 2111 570 2143 mea
585 2094 675 2160 probra
691 2094 737 2143 tibi
753 2095 861 2153 reserari,

260 2165 400 2233 Propalabis
418 2167 484 2215 enim
498 2165 610 2232 pluribus
626 2166 667 2214 illa
682 2166 769 2231 vagis!
830 2204 832 2207 .

212 2238 269 2286 Heu
282 2254 334 2287 sors
348 2237 425 2286 dura!
438 2238 509 2304 piper
522 2254 677 2303 nequaquam
689 2237 803 2286 habuisse
811 2237 927 2286 minister

260 2310 314 2357 Hac
329 2310 383 2358 vice
399 2310 511 2358 condiret
527 2309 617 2358 dicitur
632 2308 698 2357 unde
714 2308 792 2367 cibos,
833 2343 834 2346 =

213 2381 313 2429 Sumere
327 2380 363 2429 fas
380 2382 463 2446 epulas
479 2397 525 2429 nec
541 2391 591 2429 erat
608 2381 642 2428 sic
657 2380 822 2439 illecebrosas,

260 2452 295 2501 Ni
312 2469 369 2500 cum
385 2468 478 2517 rugoso
493 2452 643 2518 praepositas
659 2452 752 2518 pipere.

214 2523 316 2572 Sedulus
333 2540 393 2589 ergo
409 2540 470 2588 puer
486 2524 582 2572 vicinos
598 2524 710 2588 pervolat
726 2540 821 2582 omnes,

177 2676 209 2708 ¹30
219 2665 298 2699 mirantis
308 2667 325 2699 ia
336 2677 375 2707 ras„
383 2672 476 2709 suprascr.
538 2665 670 2709 146(me1).(0r)
680 2675 714 2703 ras.
776 2674 807 2707 149
814 2664 897 2708 gentandi
908 2680 926 2693 =

140 2712 229 2747 ientandi:
242 2713 262 2757 cf.
272 2714 301 2746 Da
310 2713 366 2757 Curiga,
375 2725 389 2748 s.
398 2725 413 2748 a.
481 2724 512 2756 154
523 2714 572 2757 vagis
583 2715 600 2746 in
611 2724 644 2747 rav.
711 2711 742 2756 156
753 2711 786 2746 hac
795 2723 835 2747 tarr.
845 2723 867 2746 ex
877 2722 903 2753 ac,
914 2713 925 2745 h

140 2768 219 2804 suprascr.
269 2772 299 2804 157
311 2772 343 2795 nec
353 2769 389 2795 erat
399 2761 425 2794 sic
434 2764 451 2795 in
461 2772 493 2795 ras.
544 2765 574 2804 158
585 2760 692 2805 praepositas
702 2761 761 2804 pipere
773 2762 790 2793 in
799 2771 832 2794 ras.
