2068 3216
254 232 256 234 -
294 219 296 222 ·
314 218 348 251 DE
364 210 569 252 Manounsmu-n's
586 205 632 253 111:
647 221 659 250 2
697 227 699 229 v

128 345 219 395 Albula
234 361 286 393 non
302 345 391 394 fluvius
407 344 552 394 munimenti
568 346 649 412 magis
661 346 733 396 huius
757 345 759 353 ²
793 349 797 389 ἰ

177 416 239 467 Urbi
256 432 329 482 quam
344 417 436 484 clipeus
452 417 562 466 contulit
572 417 695 468 attonitae.
749 415 769 437 '³

129 490 192 538 Ecce
207 488 330 537 lacessitus
346 488 458 555 princeps
475 487 505 537 ab
520 488 619 538 Acrone
636 486 766 552 Quirinus·
782 530 785 533 Α

177 562 237 611 Non
252 559 336 609 timuit
351 560 429 609 solam
444 560 595 609 conseruisse
611 575 718 621 manum,
742 584 743 589 ¹
774 578 782 587 ·’

129 633 240 699 Cuspide
251 629 395 681 confossum
410 631 498 680 deiecit
513 649 579 699 equo
594 632 777 693 moribundum,

176 705 274 769 Ditatus
290 699 360 752 claris
376 719 437 768 quae
453 704 533 770 rapuit
549 704 642 769 spoliis,

107 789 109 806 ³
128 777 166 825 Et·
175 777 266 825 virtute
281 775 337 824 licet
352 790 510 842 numeroque·
518 776 644 841 potentior
659 787 729 836 esset,
763 801 764 804 =

178 848 207 897 Se
218 855 308 896 Ivexare
324 846 401 912 magis
418 862 492 912 quam
507 854 598 895 cuneos
614 848 702 904 voluit
738 843 740 846 ’

129 918 275 968 Esset'dum
291 919 381 968 Cossus
391 917 474 966 iactus
490 919 602 985 princeps
619 920 748 987 equitatus,

177 991 236 1040 Eius
252 990 354 1040 Fidenas
370 990 421 1039 dux
436 989 523 1039 cecidit
538 990 637 1056 gladio;

128 1062 194 1111 Hinc
210 1063 299 1111 meruit
313 1061 411 1110 laudem
426 1077 500 1127 quam
514 1061 629 1110 conditor
643 1062 710 1112 urbis
726 1062 835 1124 eandem

176 1135 281 1183 Hostem
296 1132 357 1182 dum
371 1132 440 1181 claris
457 1133 523 1182 exuit
538 1134 640 1182 exuviis.

127 1207 180 1254 Rex
194 1207 317 1255 Porsenna
331 1204 414 1253 furens
431 1204 517 1253 Tuscis
532 1205 664 1255 vallaverat
679 1204 781 1256 urbem:

176 1276 290 1326 Traditur
304 1275 376 1325 obses
393 1276 415 1324 ei
431 1276 527 1325 Cloelia
538 1276 611 1342 virgo
628 1276 722 1336 decens,

126 1348 233 1398 Foedere
250 1365 311 1416 quae
326 1347 423 1413 fugiens
439 1359 514 1412 rupto
530 1347 611 1397 Tibris
628 1359 706 1398 enatat
722 1365 826 1409 amnem,

176 1420 314 1469 Obsidione
330 1436 387 1468 suos
403 1430 475 1485 atque
491 1430 558 1468 metu
574 1419 685 1486 eripiens.
768 1421 770 1424 ’

126 1493 200 1541 Ferro
216 1509 268 1541 non
283 1491 394 1540 modicos
411 1490 441 1540 de
458 1490 535 1539 Gallis
551 1490 609 1540 fecit
624 1507 724 1540 acervos

175 1564 272 1612 Marcus
288 1561 418 1612 Marcellus
435 1574 466 1622 et,
482 1577 556 1628 penes
572 1562 618 1612 hos
633 1563 737 1629 positus,

126 1637 220 1701 Regem
235 1635 350 1701 stipatum
365 1649 494 1682 numerosa
508 1632 574 1699 pube
590 1649 691 1683 suorum

175 1707 239 1755 Ense
255 1706 322 1755 viam
336 1704 423 1754 fatiens
439 1705 576 1754 comminus
592 1706 741 1772 aggreditur,

125 1778 208 1827 Armis
225 1777 332 1826 denudat
348 1792 461 1842 superans
478 1776 609 1845 gladioque
624 1777 736 1836 trucidat,

174 1850 250 1899 Arma
265 1849 339 1898 refert
354 1864 445 1913 magno
463 1863 523 1914 quae
540 1847 580 1897 dat
595 1847 705 1898 habenda
721 1849 784 1898 Iovi.

127 1921 259 1987 Conspicui
274 1922 374 1969 iuvenes
391 1931 415 1968 et
430 1918 512 1968 nullus
527 1919 628 1985 adeptus
645 1920 751 1969 honores

174 1992 237 2042 Iussi
252 1991 314 2041 ferre
328 1991 422 2051 ducum
436 1990 549 2056 primitus
564 1992 711 2058 imperium;

127 2064 217 2130 Scipio,
235 2063 365 2122 Corvinus,
382 2062 528 2129 Torquatus,
547 2062 639 2112 Marcia
656 2064 746 2129 proles,

174 2135 282 2185 Hostiles
299 2134 403 2184 totidem
419 2133 546 2183 desecuere
562 2134 642 2186 duces.
810 2143 812 2146 '

126 2208 233 2257 Consule
249 2206 352 2256 Lucullo
369 2205 429 2254 dum
446 2205 527 2270 Scipio
544 2205 589 2255 sub
605 2222 725 2272 generoso
834 2215 847 2252 f.
859 2226 881 2259 η

173 2280 269 2328 Ductus
285 2277 316 2327 ad
332 2288 463 2326 extremam
478 2277 567 2325 militat
582 2279 734 2344 Hesperiam,

125 2351 191 2399 Nam
206 2349 252 2399 sibi
268 2349 381 2398 militiam
395 2347 489 2396 iuvenis
506 2347 627 2414 delegerat
641 2349 716 2408 illam,

175 2422 243 2485 Quae
258 2421 332 2470 nimis
348 2419 454 2469 emeritis
470 2418 544 2469 ardua
559 2420 612 2469 visa
620 2419 676 2480 fuit,

126 2492 231 2542 Obsidet
246 2493 372 2559 ingentem
386 2490 487 2556 cingens
504 2492 621 2541 exercitus
636 2492 731 2552 urbem,

174 2566 243 2613 Hanc
259 2564 413 2613 intercatiam
427 2560 496 2628 plebs
512 2574 585 2612 vocat
598 2562 730 2629 indigena;

126 2636 207 2702 Scipio
223 2634 392 2701 magnanimus
408 2634 550 2683 conscendit
565 2635 663 2684 moenia
677 2635 780 2701 primus,

174 2707 309 2757 Succedunt
325 2707 366 2754 alii
383 2703 494 2753 subsidio
508 2706 607 2756 iuveni:
