2068 3216
219 131 267 188 278

482 214 599 248 urrsruun
622 201 659 249 III

216 342 325 392 Tandem
341 343 449 409 germani
465 342 579 391 demersit
595 343 620 391 in
636 343 677 391 ilia
692 341 792 404 ferrum,

264 414 358 464 Callens
375 413 439 462 haud
456 415 561 481 squamis
577 414 659 463 iunior
674 415 715 463 illa
730 415 789 481 tegi,

216 486 275 549 Qui,
291 485 352 534 dum
366 485 445 534 laetali
461 485 604 534 confossum
619 487 720 535 vulnere
737 488 818 548 sensit,

264 559 355 624 Lapsus
372 574 397 606 se
413 569 494 609 totum
509 557 604 624 colligit
619 557 646 605 in
661 558 758 624 clipeo}
780 571 781 574 ’
799 553 802 557 ’

216 629 299 678 Credit
314 640 342 676 ut
357 629 493 677 exanimem
508 629 626 678 Polinices
642 629 720 678 fertur
735 631 760 678 in
776 625 880 691 hostem,

265 700 386 768 Subripiat
402 701 486 765 capitis
502 712 529 749 ut
545 700 655 750 diadema
672 701 726 761 sibi,
851 713 853 716 ’
924 712 936 748 f.
950 712 982 747 116

215 772 257 832 At,
274 772 335 821 dum
351 772 470 821 semineci·
480 772 560 821 minus
576 784 654 821 astute
670 773 743 821 trahit
759 789 824 822 arma
897 772 898 776 ’

264 844 298 893 Ut
315 860 339 892 se
355 844 446 909 regales
462 844 547 892 induat
563 844 669 903 exuvias,

217 916 312 964 Sautius
329 915 423 964 occulte
439 916 527 980 vagina
542 915 626 982 diripit
642 933 724 964 ensem

265 988 297 1035 Et
312 987 384 1053 proni
400 986 479 1035 fratris
495 987 587 1036 viscera
603 987 760 1054 transadigit;

216 1060 289 1108 Auris
306 1058 388 1107 infuso
404 1074 448 1123 per
463 1070 547 1107 mutua
563 1059 664 1108 vulnera
680 1060 745 1118 flatu,

264 1132 395 1179 Decertant
408 1130 517 1178 flammae
530 1148 591 1196 quae
602 1130 652 1179 fera
665 1131 772 1180 membra
785 1143 899 1181 cremant.

215 1202 294 1251 Fonte
309 1219 385 1268 genae
400 1202 453 1268 iugi
469 1201 627 1251 decurrebant
643 1203 764 1267 sapientis,

265 1274 339 1323 Casus
356 1273 455 1322 humani
472 1273 532 1322 dum
547 1286 654 1339 gemeret
670 1274 781 1339 generis3

216 1347 277 1395 Non
291 1345 363 1394 illum
377 1344 461 1394 furvae
476 1356 589 1411 poterant
605 1345 714 1395 inhibere
729 1345 849 1405 tenebrae,

264 1417 325 1466 Non
340 1417 391 1465 illas
408 1433 490 1465 arcens
507 1417 565 1465 solis
581 1417 611 1466 ab
627 1417 709 1465 aethre
724 1417 801 1476 iubar,

216 1489 276 1538 Non
291 1489 358 1537 caelo
374 1487 434 1537 fusis
450 1488 548 1555 pluviae
564 1505 614 1537 nox
629 1488 729 1537 humida
745 1490 829 1555 guttis,

265 1560 330 1609 Picta
345 1577 390 1608 nec
406 1572 527 1609 astrorum
542 1560 643 1609 floribus
659 1560 801 1626 ignivomis,

216 1631 338 1681 Imbribus
354 1643 395 1680 aut
411 1632 480 1680 chori
496 1631 641 1680 stillantibus
658 1631 756 1681 horrida
771 1632 866 1700 pennis,

264 1705 316 1753 Aut
332 1703 407 1752 Phebi
423 1703 495 1752 radiis
511 1703 621 1752 irradiata
637 1703 697 1763 dies,
809 1705 810 1708 ’
879 1710 881 1713 ’

216 1776 268 1824 Aut
282 1775 354 1824 tellus
370 1776 461 1824 florum
475 1787 591 1824 vernante
606 1786 708 1824 venusta
723 1775 810 1834 nitore,

265 1847 369 1896 Parturit
384 1846 494 1895 arbuteas
510 1846 571 1895 dum
585 1846 691 1895 resoluta
707 1863 797 1906 comas,

216 1919 274 1967 Vox
288 1919 362 1967 etiam
376 1918 476 1985 trepidis
493 1918 648 1967 Philomenae
664 1929 730 1983 grata
747 1918 850 1984 querelis

264 1990 316 2038 Aut
331 1990 397 2038 nivei
413 1989 478 2055 cigni
495 2007 536 2038 seu
551 1989 614 2056 picei
629 1986 725 2049 meruli,
875 1987 876 1990 ’

216 2061 277 2111 Non
291 2062 356 2111 lenes
373 2062 443 2110 fluvii
458 2061 550 2110 vernali
566 2073 676 2128 tempore
691 2061 779 2128 lapsus,

264 2132 325 2182 Non
340 2134 424 2182 avium
438 2132 497 2200 ripis
513 2132 579 2181 mille
596 2132 649 2181 soni
665 2133 733 2192 varii,

217 2205 277 2254 Non
292 2221 343 2253 vox
358 2221 470 2253 ranarum
485 2206 545 2253 love
562 2204 592 2253 de
608 2204 670 2253 duro
687 2204 843 2270 querularum

265 2276 341 2338 Quod
358 2287 439 2343 spreto
454 2276 525 2341 tigno
542 2274 677 2324 subdiderit
692 2274 802 2334 colubro,

216 2348 323 2396 invitant
339 2348 440 2396 mollem
456 2364 517 2413 quae
532 2347 671 2413 garrulitate
688 2362 809 2412 soporem,

266 2420 321 2482 Qua
335 2419 406 2484 piger
421 2419 503 2467 audita
519 2419 581 2484 girat
596 2419 719 2483 utrimque
734 2418 804 2477 latus,

216 2491 276 2540 Non
291 2491 357 2539 calor
373 2490 481 2556 hospitio
498 2490 662 2539 Geminorum
678 2490 729 2538 sole
744 2500 850 2556 recepto,

265 2563 346 2626 Syrius
363 2573 404 2610 aut
420 2561 497 2610 flavos
514 2561 611 2627 quando
627 2561 721 2627 perurit
736 2577 816 2626 agros,

216 2633 319 2683 Arboris
335 2646 376 2682 aut
391 2633 458 2682 foliis
475 2649 568 2681 merens
584 2645 706 2681 autunnus
722 2632 849 2699 ademptis,

265 2706 316 2754 Aut
332 2705 420 2753 humus
436 2704 543 2753 induviis
560 2704 679 2770 expoliata
695 2704 752 2763 suis,
