2068 3216
192 155 244 201 404

342 228 448 262 tirannus
465 229 494 262 ru
511 227 617 262 Houonu
633 229 655 262 u.
673 228 756 261 Mauur

192 356 262 405 Dum
278 365 377 420 stupent
391 371 492 421 proram
508 355 560 405 sine
576 356 711 422 remigante

242 427 397 494 Appropiare
408 445 414 477 z

192 558 321 618 Musitant,
338 559 481 624 «quidnam
495 558 557 607 ferat
572 559 613 608 illa
629 559 708 607 lintris
724 560 759 608 Ρ»

193 631 293 680 Saxeam
309 630 351 679 sed
368 630 428 681 dum
444 631 515 680 videt
531 631 596 679 intus
612 630 710 680 archam

193 702 276 751 Turba
291 702 458 761 circumstans,
474 702 576 752 titulum
592 719 717 752 recensens

243 773 329 841 Opido
346 775 452 840 gaudet;

193 904 321 954 Martirem
335 905 431 971 plaudit
446 905 554 973 populus
569 904 657 964 fidelis,

193 978 218 1025 A
234 976 282 1025 deo
298 977 375 1026 latum
391 977 440 1026 sibi
456 988 534 1043 gestat
549 978 624 1037 intr05

194 1049 226 1096 Et
242 1064 302 1098 mox
317 1049 343 1096 in
359 1065 427 1097 sacto
443 1049 548 1097 tumulat
565 1049 687 1115 sepulcro,

242 1119 326 1169 Laude
341 1122 468 1170 resultans.

193 1251 248 1300 illic
263 1251 339 1318 ipsius
355 1251 457 1301 celebris
473 1251 613 1318 triumphus

194 1323 302 1372 Histriae
317 1334 407 1372 cuncto
422 1323 519 1390 populo
536 1321 639 1382 saluber,

195 1395 229 1444 Ut
246 1394 315 1444 decet
330 1411 422 1460 magno
438 1395 530 1443 colitur
544 1394 630 1443 favore

244 1466 367 1532 Tempore
382 1467 442 1533 iugi.

195 1597 261 1646 Mira
275 1612 320 1665 per
335 1597 452 1647 Maurum
467 1609 546 1665 patrat
561 1608 630 1646 actor
645 1597 721 1656 orbis,

196 1669 272 1718 Exilit
287 1669 382 1729 clodus,
398 1669 467 1719 videt
483 1668 567 1728 orbus,
583 1668 652 1718 audit

197 1740 298 1801 Surdus,
313 1740 423 1790 abscedit
438 1741 513 1807 lepra,
529 1739 631 1791 morbus
647 1752 698 1789 ater

243 1813 348 1879 Deperit
363 1812 453 1861 omnis.

196 1946 256 1994 Non
271 1943 337 1993 valet
351 1943 453 2010 pigrum
468 1943 583 2010 replicare
599 1958 697 1993 carmen

197 2015 274 2079 Quod
289 2030 333 2081 per
349 2015 441 2064 elatum
456 2015 572 2065 metitum
587 2013 653 2064 beati

196 2087 318 2137 Obtinent
333 2088 415 2136 Mauri
431 2085 583 2136 medicamen
598 2086 665 2152 aegri

245 2158 349 2208 Credere
364 2158 465 2226 promti.

197 2290 264 2340 Urbe
279 2291 328 2339 iam
344 2289 409 2339 dicta
425 2290 499 2339 iacuit
514 2290 593 2339 locata

197 2363 305 2427 Tempus
321 2362 348 2410 in
364 2362 471 2412 multum
486 2362 593 2427 pretiosa
609 2359 689 2427 gleba,

195 2434 308 2483 Plurimis
324 2433 457 2482 virtutibus
474 2434 627 2482 innotescens

244 2504 361 2554 Plebibus
377 2505 433 2554 illis.

158 2647 190 2691 269
197 2657 227 2681 om.
235 2647 255 2681 P.
315 2657 347 2689 272
359 2645 450 2690 (olspido)
459 2657 492 2680 ras.
502 2647 523 2680 R.
585 2656 615 2689 ²73
625 2652 719 2689 martyrem
728 2646 747 2680 P.
804 2656 835 2688 277
845 2644 911 2688 (c)e(le-

123 2693 165 2738 bris)
182 2696 198 2728 in
212 2705 245 2729 ras.
258 2695 280 2729 R.
352 2697 383 2737 278
397 2693 463 2728 Histric
475 2695 494 2728 P.
567 2696 599 2735 287
611 2692 649 2737 egri
661 2694 680 2727 P.
751 2695 783 2726 288
801 2693 879 2737 prompti
891 2694 909 2726 P.

123 2745 155 2787 289
174 2742 233 2777 locuta
250 2742 269 2776 P.
319 2752 351 2784 290
363 2742 441 2785 preciosa
450 2742 469 2776 P.
518 2752 549 2786 291
559 2739 721 2785 (pluriarmidras.
731 2741 752 2775 R.
