2068 3216
774 172 818 215 141

288 242 323 276 ou
338 242 548 277 Munounumsus
564 228 608 276 VI.
629 244 638 275 1

155 371 278 418 Monstrat
294 370 436 419 consulibus
452 371 554 420 verbera
570 387 627 420 seva
642 386 718 436 puer:
778 429 779 433 Ἰ
830 423 832 425 ,

106 441 247 508 Postquam
256 441 318 490 iusta
334 442 417 490 virum
432 442 542 492 convicit
558 443 656 508 questio
671 442 765 500 fedum,

157 513 258 562 Clausus
274 513 300 561 in
315 513 425 562 obscuro
439 518 533 563 carcere
549 513 669 581 disperiit.

107 584 191 633 Poscis
208 599 290 651 opem,
307 596 420 644 renuunt,
437 586 544 645 Corneli,
560 584 741 644 ferretribuni,

158 656 241 718 Quem
256 656 419 705 Fescenninus
435 667 521 705 tractat
536 667 564 705 ut
580 674 605 706 es
622 657 723 706 meritus
734 665 756 716 ;'
813 702 815 705 ,

108 726 199 776 Militia
214 727 292 776 clarus
309 728 420 793 quamuis
437 740 461 777 et
476 728 613 778 honoribus
630 740 723 788 auctus,

157 799 187 848 In
203 799 315 866 squalore
330 800 395 866 peris
412 800 512 849 carceris
528 799 653 859 horrifici3

110 871 224 936 Ingenuo
239 881 266 919 tu
282 888 340 920 cum
351 871 432 938 puero
441 868 592 920 commertia
608 872 686 939 stupri

159 943 308 1002 Commium,
324 958 415 1009 poenas
431 942 489 991 hinc
503 943 592 1010 pateris
609 944 714 1003 meritas,

111 1013 226 1081 Opponis
242 1029 348 1081 puerum
362 1015 466 1081 proprio
482 1014 512 1063 de
528 1018 632 1082 corpore
649 1026 763 1081 questum

158 1085 303 1151 Adquisisse
319 1085 374 1146 sibi,
390 1086 433 1135 sed
448 1086 494 1135 tibi
509 1086 544 1135 nil
560 1086 645 1135 valuit.

110 1156 195 1205 Prodit
211 1157 319 1206 Cominii
333 1169 358 1207 te
373 1157 532 1225 compellasse
546 1157 639 1207 tribuni

160 1228 340 1278 Cornicularius
355 1241 384 1277 ut
400 1247 425 1278 se
440 1229 486 1278 tibi
503 1229 630 1289 subiceret,

111 1300 182 1348 Certa
198 1300 249 1349 dies
265 1301 347 1350 aderat
364 1317 411 1368 qua
426 1312 451 1368 te
466 1317 571 1368 purgare
585 1300 682 1360 licebat,

158 1372 250 1431 Letori,
268 1389 342 1440 quam
357 1383 385 1421 tu
400 1371 580 1439 praeveniendo
596 1372 680 1437 fugis;

111 1442 201 1509 Captus
218 1460 243 1492 es
260 1455 284 1492 et
298 1443 354 1492 fatis
370 1444 466 1512 populo
481 1443 616 1511 productus
632 1444 732 1509 iniquis,

158 1515 247 1563 incesti
263 1516 365 1564 moreris
381 1516 494 1582 protinus
510 1515 544 1564 ob
559 1515 662 1564 facinus.

110 1586 176 1651 Lege
191 1586 339 1653 pudiciciam
353 1588 434 1654 posita
449 1586 580 1636 defendere
596 1587 697 1653 quidam
766 1632 767 1635 ,

157 1657 266 1707 Illustres
283 1665 341 1707 cura
356 1673 507 1726 proposuere
524 1664 581 1707 sua:

111 1728 206 1778 Gallius
222 1747 236 1778 a
252 1729 338 1779 Musca
353 1730 432 1797 plagis
449 1741 485 1779 est
501 1746 582 1778 caesus
599 1729 695 1789 amaris,

159 1802 300 1868 Deprensus
316 1801 395 1850 fuerat
410 1801 451 1850 hic
466 1802 492 1849 in
501 1801 630 1855 ,adulterio
640 1819 659 1861 ;¹

110 1873 222 1922 Iusticiae
238 1873 292 1921 nelo
307 1872 424 1922 Bibienus
440 1884 472 1932 te,
489 1872 551 1921 male
568 1872 657 1931 Carbo,

160 1945 244 1993 Evirat
259 1943 366 1993 inberbis
382 1956 410 1993 ut
426 1959 487 2010 puer
503 1944 620 2003 efficeris;

112 2015 211 2075 Emolli,
227 2016 337 2082 Pompei,
354 2015 463 2081 rigidum
477 2015 523 2064 tibi
539 2016 634 2064 cernuis
649 2015 750 2080 inguen,

158 2089 211 2136 lam
225 2087 272 2136 tibi
287 2087 354 2135 nulla
369 2101 431 2154 puer
446 2086 494 2135 tela
510 2087 608 2154 Cupido
623 2087 696 2145 iacit;

111 2159 234 2217 Mennius,
252 2159 350 2218 Octavi,
365 2158 412 2207 tibi
427 2155 626 2224 testiculos'tulit
641 2157 735 2216 ambos,

159 2229 239 2289 Unde,
255 2230 336 2289 miser,
351 2229 412 2279 fetes
429 2229 538 2297 cynifeus
550 2225 624 2295 ¹quasi
639 2244 705 2295 grex.

111 2303 210 2362 Brocce,
226 2301 285 2349 facit
300 2301 372 2350 duras
388 2312 412 2350 te
429 2301 526 2350 Marcus
542 2301 649 2367 pendere
664 2304 773 2367 poenas,¹

160 2373 199 2421 Tu
215 2389 315 2439 quoque
331 2372 477 2440 de'reliquis
493 2372 605 2439 turpibus
622 2388 685 2420 unus
702 2387 762 2420 eras.
810 2381 826 2392 '⁴

111 2444 210 2494 Femina
227 2444 306 2493 Greca
321 2440 398 2509 genus
415 2444 534 2511 quaedam
550 2444 641 2493 virtute
657 2443 743 2492 Latina

159 2518 189 2565 ln
204 2531 270 2564 mare
286 2532 311 2564 se
326 2516 390 2575 iecit,
408 2516 495 2582 Hippo
510 2522 630 2564 vocamen
646 2526 712 2574 erat3

111 2587 255 2654 impositam
270 2587 327 2635 navi
343 2588 465 2652 captivam
481 2586 580 2635 devehit
596 2585 697 2644 hostis,

75 2717 95 2750 39
107 2705 187 2749 (ius).(ta)
198 2716 237 2747 ran,
250 2704 289 2740 sal.
301 2716 342 2739 mart.
371 2715 390 2746 41
404 2703 481 2739 comeli:
494 2716 505 2738 o
516 2706 546 2747 sig.
557 2716 588 2738 voc.
598 2711 677 2748 stprasar.
728 2715 748 2746 52
759 2702 826 2737 Letorl:

38 2756 91 2797 orig.
104 2759 226 2797 vacuamur.
274 2752 294 2786 61
307 2751 381 2786 emollit.
429 2751 450 2795 63
463 2752 598 2795 octavi:osig.
611 2763 641 2786 auc.
654 2758 733 2796 suprascr.
783 2780 785 2783 Α
