2068 3216
859 143 892 188 42

388 215 525 250 MIRACUL'A
542 214 560 247 S.
578 213 717 247 BENEDICTI
896 144 911 192 9

195 343 318 410 Lugubris
334 344 457 392 incessum
473 342 581 392 merebat
597 341 700 407 perdere
716 354 821 401 suetum,

244 415 402 464 Pulsatdum
417 415 522 464 lacrimis
539 425 602 463 astra
617 413 692 479 pedes
709 413 803 480 recipit.

196 487 340 536 Concremat
351 487 420 553 ‘ignis
437 487 498 536 edax
513 485 619 535 humiles
635 485 768 534 lambendo
785 484 904 545 tabernas,

244 559 309 607 Hinc
325 558 434 607 adolevit
449 558 492 607 ubi
509 557 572 607 dicia
588 568 651 606 tecta
667 557 737 623 rapit,

194 630 224 678 In
240 641 346 681 castrum
361 645 450 695 prunas
467 630 586 679 iaculatur
602 629 727 694 grandinis
744 630 827 687 instar,
914 640 945 684 565

244 703 318 750 Hunc
333 701 522 751 imbersubitus
539 700 672 750 adnichilat
687 701 793 767 penitus.

194 772 286 822 Illustri
301 785 384 822 natam
399 772 430 822 de
446 774 556 840 germine
571 773 642 839 plura
657 773 766 839 puellam

244 846 289 894 Per
299 845 358 893 loca
374 844 507 904 deducunt,
524 845 559 893 nil
576 843 623 893 sibi
638 844 785 910 profitiunt;

196 917 262 965 Haec
277 916 364 966 ancilla
381 916 452 965 datur
467 917 538 982 patri,
556 915 656 965 si'forte
671 917 775 975 levetur,

244 988 361 1037 Cruribus
378 988 435 1036 hinc
451 987 526 1036 firmis
543 988 654 1036 constitit
669 988 809 1036 incolomis.

195 1061 374 1126 Argentomagi
390 1076 474 1109 caecus
490 1059 538 1108 fuit
554 1059 635 1107 incola
651 1060 739 1109 castri:
815 1075 816 1078 ’

243 1133 360 1182 Vectatur
375 1130 471 1180 loculus
488 1130 549 1180 dum
564 1131 640 1196 patris
657 1132 770 1191 exterius,

194 1203 342 1269 Appropiat,
359 1203 445 1268 tangit,
462 1219 522 1251 mox
537 1203 596 1252 solis
613 1202 706 1253 lumina
722 1203 807 1262 cernit,

243 1274 337 1324 Laudat
346 1291 411 1324 :eum
425 1290 470 1340 per
485 1291 560 1340 quem
575 1275 697 1341 conspicit
714 1292 765 1324 esse
782 1275 856 1323 diem.

195 1346 265 1395 Alter
281 1347 374 1395 miracli
390 1346 477 1396 volitat
493 1346 554 1395 dum
569 1345 636 1397 fama
649 1348 745 1413 patrati,
787 1361 788 1364 ’

243 1419 333 1467 Caecus
350 1417 381 1467 de
396 1418 456 1467 villa
471 1418 572 1467 nomine
588 1418 698 1467 Modicia

196 1490 317 1550 Accurrit,
332 1489 437 1539 lacrimis
454 1489 500 1538 sibi
517 1490 609 1555 flagitat
624 1491 750 1539 auxiliari:

243 1563 336 1611 Rerum
352 1562 522 1626 splendentem
537 1562 614 1610 cernit
630 1574 654 1611 et
670 1562 710 1611 hic
725 1562 821 1611 faciem.
877 1587 878 1590 =

195 1633 268 1681 Forte
284 1633 389 1682 chorum
404 1633 503 1700 rapidus
520 1632 611 1682 detexit
627 1634 724 1682 flamine
741 1634 846 1693 Chorus,

243 1705 312 1754 Festa
328 1704 380 1753 dies
396 1706 471 1769 patris
488 1704 558 1753 dum*¹
564 1705 654 1753 colitur
670 1705 789 1765 celebris;
811 1725 813 1727 ’

195 1776 276 1825 Nocte
291 1776 355 1841 pluit
370 1788 431 1836 tota,
446 1776 554 1842 psallunt
569 1776 653 1825 fratres
671 1777 744 1826 simul
759 1776 831 1836 infra,

244 1848 348 1897 Guttula
363 1865 409 1896 nec
424 1847 513 1897 cecidit
529 1864 592 1914 quos
609 1864 682 1915 super
698 1849 793 1914 exigua.

195 1918 275 1968 Offert
291 1919 352 1968 dum
367 1919 441 1969 frater
455 1919 521 1986 fugit
537 1919 670 1969 formidine
685 1936 787 1986 pauper,

244 1992 294 2040 Cor
309 2007 388 2057 pavor
402 1991 468 2040 illius
485 1991 629 2040 contuderat
645 1992 744 2051 nimius,

195 2063 248 2111 Nec
264 2063 331 2112 solus
348 2063 447 2113 missam
462 2063 556 2130 peragit
572 2064 616 2128 qui
631 2074 744 2128 coeperat
760 2064 835 2122 illam,

244 2135 381 2183 Monachus
397 2136 509 2201 angelico
525 2135 637 2201 fungitur
653 2135 744 2184 officio.

195 2205 283 2255 Defert
298 2206 425 2255 candelam
440 2206 542 2273 quidam
557 2206 662 2255 devotus
678 2207 710 2256 ad
726 2223 800 2265 aram,

244 2278 333 2326 Custos
349 2278 445 2327 incaute
462 2295 536 2344 quam
552 2278 616 2326 locat
632 2279 769 2337 aecclesiae,

196 2349 266 2411 Quae
282 2364 355 2417 super
370 2350 451 2399 altaris
467 2349 555 2399 cecidit
570 2350 692 2398 uelamina
708 2351 778 2408 sacri,

243 2421 288 2470 llla
303 2434 449 2486 consumpta
465 2422 537 2486 salua¹
548 2432 629 2469 manet
645 2422 750 2487 mapula.

196 2564 266 2626 Quae
282 2564 327 2612 tibi
343 2564 374 2613 de
390 2552 463 2629 gestis
481 2565 604 2631 scripsisse
620 2548 739 2630 stupenda
754 2564 861 2629 paternis

123 2645 267 2652 *ffi—

120 2691 190 2770 ῥίζῃ
202 2681 377 2716 Chorus=C0rus.·
419 2685 450 2725 582
469 2680 619 2725 (cecidit)..(quos)
638 2692 670 2715 ras.
719 2679 817 2724 (glumula)
837 2683 865 2715 vix
884 2681 915 2725 legi
957 2692 958 2695 ¹
981 2680 982 2683 ’

134 2737 178 2761 aas.
