2068 3216
309 216 344 250 ua
359 202 612 250 Mauoxnururuusll.
633 219 642 250 1
712 209 720 225 ⁵

129 384 134 394 .
156 384 161 394 .
182 384 187 395 .
209 384 213 395 .
235 345 380 395 Saxonicum
395 347 543 395 Francorum
558 344 641 394 nobile
656 351 770 411 regnumv

183 455 373 467 ........
392 436 406 466 a
421 417 525 483 plurima
541 433 614 483 regna
630 417 693 466 tulit.

129 527 134 538 .
156 527 161 537 .
182 528 187 538 .
209 527 214 538 .
236 528 240 538 .
262 527 267 538 .
289 527 293 537 .
315 527 320 538 .
341 527 346 538 .
367 495 372 538 Δ
392 489 511 555 praeclare
524 488 610 538 'floruit
625 489 693 538 annis

22 581 56 615 250
183 599 320 611 ......
340 577 419 629 aequo
434 561 485 610 iure
501 577 586 627 regens
601 561 716 627 populos.

130 670 373 683 ..........
393 634 476 682 statuit
492 631 636 699 Burgundio
652 648 735 698 regem

184 744 189 754 .
211 744 216 754 .
237 744 242 754 .
262 704 308 753 sibi
323 706 417 770 generis
432 704 501 772 plebs
518 722 544 753 ea
562 704 672 753 Saxonici

129 814 136 828 .
156 814 162 825 .
183 815 189 827 .
263 798 275 826 .·
287 776 356 842 lapso
372 777 530 826 Guntrannus
546 787 656 842 tempore
671 777 749 826 multo
801 800 802 803 ¹

184 888 189 898 .
210 887 215 898 .
237 888 268 898 ,.
287 847 400 916 pacificus
416 847 558 915 praeficitur·
568 848 671 914 populo.

127 921 176 969 Iste
192 920 361 970 Molossorum
375 922 447 986 petiit
463 931 562 985 sumpto
577 934 652 986 grege
668 920 762 979 saltum,
816 927 817 930 ’

177 993 291 1058 Prompta
307 991 431 1041 clientelae
446 991 517 1040 turba
533 1008 589 1040 suae
605 991 721 1059 sequitur,
768 999 770 1002 “

128 1064 246 1131 Dumque
261 1063 289 1112 fit
304 1063 396 1129 indago
407 1078 633 1132 quaquamversum
648 1080 706 1112 cane
723 1077 814 1128 sparso,

177 1136 295 1184 Occurrat
311 1135 332 1184 si
348 1135 416 1202 quod
431 1135 495 1184 forte
504 1134 586 1201 'fugax
600 1134 697 1194 animal,

128 1207 256 1273 Vestigant
271 1207 312 1256 alii
328 1206 388 1255 dum
403 1207 474 1256 devia
488 1206 563 1255 lustra
578 1205 691 1266 ferarum,

176 1279 220 1328 Ille
236 1290 365 1346 soporatur
380 1280 452 1328 unius
468 1280 494 1327 in
509 1278 621 1344 gremi03

128 1350 196 1414 Regis
208 1350 238 1399 ab
254 1366 297 1399 ore
309 1350 377 1399 videt
389 1350 494 1399 famulus
507 1349 606 1415 prodire
618 1348 766 1398 minusclum
807 1355 811 1360 ”

176 1421 264 1488 Repttla
273 1441 280 1481 ;
295 1434 418 1488 percursat
433 1423 489 1471 litus
506 1421 531 1470 id
548 1422 629 1487 exigui

128 1493 323 1543 Praeterlabentis
340 1493 417 1554 fluvii,
434 1494 534 1543 transire
549 1492 677 1552 laborans;

176 1565 271 1632 Vagina
287 1565 396 1631 gladium
411 1566 515 1615 detrahit
522 1565 563 1614 ille
579 1581 658 1624 suum,

129 1636 211 1699 Quem
226 1637 296 1686 fluvii
311 1637 375 1702 ripas
391 1649 460 1686 caute
475 1637 559 1704 posuit
575 1651 647 1702 super
662 1635 752 1694 ambas

177 1708 317 1758 Transmeat
331 1710 358 1757 in
372 1721 467 1775 partem
481 1708 567 1775 reptile
583 1708 732 1773 contiguam,

127 1781 317 1848 Ingrediensque
329 1796 429 1847 specum
440 1781 531 1830 montis
542 1779 691 1846 paulumque
703 1789 833 1837 moratum,

175 1853 220 1902 Per
235 1858 337 1920 pontem
352 1852 423 1901 rediit
439 1853 502 1918 regis
519 1864 542 1900 et
557 1868 586 1899 os
603 1850 684 1900 subiit.
714 1873 716 1880 ι
834 1860 881 1903 t17

127 1924 179 1972 Rex
194 1930 345 1990 experrectus
361 1923 481 1973 famulum
497 1924 531 1972 sic
546 1922 623 1971 fertur
638 1922 755 1971 adorsus:

176 1995 308 2045 «Grandia
324 2012 385 2062 quae
400 1995 453 2045 vidi
470 1995 564 2044 somnia
578 1993 662 2061 pando
676 1993 739 2052 tibi;

127 2067 226 2117 Ferreus
242 2069 367 2133 ingentem
381 2082 445 2133 pons
462 2078 548 2116 stratus
565 2077 615 2114 erat
631 2080 703 2131 super
718 2080 822 2122 amnem,

176 2139 295 2199 Transivi,
312 2139 402 2188 montis
418 2151 485 2187 antra
501 2138 555 2187 cavi
570 2136 642 2196 subii,

126 2208 230 2276 Argenti
246 2210 366 2269 cumulos,
382 2212 434 2260 auri
450 2210 546 2259 defossa
561 2208 650 2257 talenta

174 2282 271 2331 Adsum
286 2299 407 2348 regressus
424 2282 491 2331 milia
507 2281 661 2330 contuitus».

21 2375 53 2409 275
125 2352 169 2422 Ille
184 2354 258 2403 refert
273 2354 325 2420 regi
341 2371 402 2421 quae
418 2370 526 2403 consona
541 2351 630 2401 viderit
645 2350 689 2410 illi,

90 2506 122 2541 247
133 2521 169 2532 ......
171 2496 289 2541 (Saxonicum)
301 2496 331 2541 legi
340 2507 370 2530 non
378 2502 437 2540 potest.
486 2499 517 2539 248
530 2520 559 2530 .....
576 2494 592 2538 (a
600 2494 680 2538 plurima)
696 2493 727 2537 lagi
736 2504 766 2528 non
774 2499 833 2537 potest.

55 2555 88 2588 249
100 2569 129 2580 .....
139 2544 238 2588 (praeclare)
247 2545 277 2588 legi
283 2555 312 2579 non
320 2550 379 2589 potest.
428 2542 714 2588 250....(aequo)leginonpotast.
763 2552 793 2584 251
803 2567 833 2575 .....

55 2592 103 2635 (eum
113 2592 182 2636 statuit)
190 2592 220 2636 legi
226 2604 255 2627 nan
263 2597 328 2637 potest:
339 2592 400 2626 stamit
408 2591 512 2636 Burgundio
519 2602 580 2635 regem
587 2592 604 2625 in
612 2602 645 2626 ras.
654 2589 676 2625 al.
685 2600 726 2624 man.
763 2600 794 2632 25²
803 2614 833 2624 .....

55 2639 102 2683 (silui)
111 2639 176 2684 leginon
182 2646 240 2685 potest.
300 2651 330 2684 253
343 2665 373 2675 .....
385 2638 530 2684 (lapso)leginon
540 2643 598 2683 potest.
658 2636 832 2681 254....(pacificus)

54 2687 85 2731 lagi
92 2698 121 2721 non
126 2693 186 2732 potest.
197 2688 227 2722 261
283 2687 318 2731 (ab)
330 2686 360 2730 lagi
372 2698 402 2722 non
412 2693 472 2732 potest.
521 2686 552 2720 262
565 2711 593 2721 .....
606 2685 707 2730 (percursat)
719 2685 749 2728 lagi
762 2695 791 2718 nan
802 2691 833 2728 po-

55 2741 91 2770 test.
139 2735 170 2780 263
183 2735 325 2780 praeterlabentis
335 2737 364 2769 vix
371 2734 401 2779 legi
405 2741 464 2779 potest.
513 2734 545 2777 264
555 2732 623 2778 Vagtua
634 2735 663 2768 vix
670 2732 762 2777 legipotast.
